@book{AIAMA,
 author = {Russell, Stuart and Norvig, Peter},
 title = {Artificial Intelligence: A Modern Approach},
 year = {2009},
 isbn = {0136042597, 9780136042594},
 edition = {3rd},
 publisher = {Prentice Hall Press},
 address = {Upper Saddle River, NJ, USA},
} 

@inbook{MAS:AModernApproachToDAI,
author = {Weiss, Gerhard},
year = {2000},
month = {07},
pages = {-648},
title = {Multiagent Systems: A Modern Approach to Distributed Artificial Intelligence},
volume = {1},
isbn = {0262731312},
journal = {AI Magazine}
}