@article{Vazquez-Salceda4.Approaches,
    title = {{4. Multiagent Systems Design Part 2: ems (SMA-UPC) The PROMETHEUS methodology. Methodological Extensions to Object-Oriented Approaches}},
    author = {V{\'{a}}zquez-Salceda, Javier},
    url = {http://www.lsi.upc.edu/~jvazquez/teaching/sma-upc/slides/sma04b-Methodologies-Prometheus.pdf}
}

@inproceedings{Mueller2016ATracking,
    title = {{A benchmark and simulator for UAV tracking}},
    year = {2016},
    booktitle = {Lecture Notes in Computer Science (including subseries Lecture Notes in Artificial Intelligence and Lecture Notes in Bioinformatics)},
    author = {Mueller, Matthias and Smith, Neil and Ghanem, Bernard},
    pages = {445--461},
    volume = {9905 LNCS},
    publisher = {Springer Verlag},
    isbn = {9783319464473},
    doi = {10.1007/978-3-319-46448-0{\_}27},
    issn = {16113349},
    keywords = {Aerial object tracking, UAV simulator, UAV tracking}
}

@inproceedings{Mueller2016ATrackingb,
    title = {{A Benchmark and Simulator for UAV Tracking}},
    year = {2016},
    booktitle = {Computer Vision -- ECCV 2016},
    author = {Mueller, Matthias and Smith, Neil and Ghanem, Bernard},
    editor = {Leibe, Bastian and and Matas, Jiri and and Sebe, Nicu and and Welling, Max},
    pages = {445--461},
    publisher = {Springer International Publishing},
    url = {https://ivul.kaust.edu.sa/Pages/pub-benchmark-simulator-uav.aspx}
}

@article{CurtinASystems,
    title = {{A Comparative Analysis of Traveling Salesman Solutions from Geographic Information Systems}},
    author = {Curtin, Kevin M and Voicu, Gabriela and Rice, Matthew T and Stefanidis, Anthony},
    url = {https://onlinelibrary.wiley.com/doi/pdf/10.1111/tgis.12045},
    doi = {10.1111/tgis.12045}
}

@inproceedings{Mendonca2016ASea,
    title = {{A cooperative multi-robot team for the surveillance of shipwreck survivors at sea}},
    year = {2016},
    booktitle = {OCEANS 2016 MTS/IEEE Monterey, OCE 2016},
    author = {Mendonca, Ricardo and Marques, Mario Monteiro and Marques, Francisco and Louren{\c{c}}o, André and Pinto, Eduardo and Santana, Pedro and Coito, Fernando and Lobo, Victor and Barata, José},
    isbn = {9781509015375},
    doi = {10.1109/OCEANS.2016.7761074}
}

@inproceedings{Polycarpou2002AAgents,
    title = {{A cooperative search framework for distributed agents}},
    year = {2002},
    author = {Polycarpou, M.M. and {Yanli Yang} and Passino, K.M.},
    month = {11},
    pages = {1--6},
    publisher = {Institute of Electrical and Electronics Engineers (IEEE)},
    doi = {10.1109/isic.2001.971475}
}

@inproceedings{Polycarpou2002AAgentsb,
    title = {{A cooperative search framework for distributed agents}},
    year = {2002},
    author = {Polycarpou, M.M. and {Yanli Yang} and Passino, K.M.},
    month = {11},
    pages = {1--6},
    publisher = {Institute of Electrical and Electronics Engineers (IEEE)},
    doi = {10.1109/isic.2001.971475}
}

@article{Mukhopadhyay2018ADispatch,
    title = {{A Decision Theoretic Framework for Emergency Responder Dispatch}},
    year = {2018},
    journal = {IFAAMAS},
    author = {Mukhopadhyay, Ayan and Wang, Zilin and Vorobeychik, Yevgeniy},
    volume = {9},
    url = {www.ifaamas.org},
    keywords = {Decision Theory, Incident Response, Semi-Markov Decision Processes, Survival Analysis}
}

@inproceedings{Chung2007ASearch,
    title = {{A Decision-Making Framework for Control Strategies in Probabilistic Search}},
    year = {2007},
    booktitle = {2007 IEEE International Conference on Robotics and Automation},
    author = {Chung, Timothy H. Chung and Burdick, Joel W.},
    publisher = {2007 IEEE International Conference on Robotics and Automation},
    url = {https://ieeexplore.ieee.org/stamp/stamp.jsp?tp=&arnumber=4209773},
    address = {Rome}
}

@inproceedings{Chung2007ASearchb,
    title = {{A decision-making framework for control strategies in probabilistic search}},
    year = {2007},
    booktitle = {Proceedings - IEEE International Conference on Robotics and Automation},
    author = {Chung, Timothy H. and Burdick, Joel W.},
    isbn = {1424406021},
    doi = {10.1109/ROBOT.2007.364155},
    issn = {10504729}
}

@article{GuptaAUAV,
    title = {{A Decision-theoretic Approach to Detection-based Target Search with a UAV}},
    author = {Gupta, Aayush and Bessonov, Daniel and Li, Patrick},
    url = {https://arxiv.org/pdf/1801.01228.pdf}
}

@techreport{GuptaAUAVb,
    title = {{A Decision-theoretic Approach to Detection-based Target Search with a UAV}},
    author = {Gupta, Aayush and Bessonov, Daniel and Li, Patrick},
    url = {https://arxiv.org/pdf/1801.01228.pdf},
    arxivId = {1801.01228v1}
}

@techreport{GuptaAUAVc,
    title = {{A Decision-theoretic Approach to Detection-based Target Search with a UAV}},
    author = {Gupta, Aayush and Bessonov, Daniel and Li, Patrick},
    url = {https://arxiv.org/pdf/1801.01228.pdf},
    arxivId = {1801.01228v1}
}

@article{Held2005AProblems,
    title = {{A Dynamic Programming Approach to Sequencing Problems}},
    year = {2005},
    journal = {Journal of the Society for Industrial and Applied Mathematics},
    author = {Held, Michael and Karp, Richard M.},
    number = {1},
    month = {2},
    pages = {196--210},
    volume = {10},
    publisher = {Society for Industrial {\&} Applied Mathematics (SIAM)},
    doi = {10.1137/0110015},
    issn = {0368-4245}
}

@article{Held1962AProblems,
    title = {{A Dynamic Programming Approach to Sequencing Problems}},
    year = {1962},
    journal = {Journal of the Society for Industrial and Applied Mathematics},
    author = {Held, Michael and Karp, Richard M.},
    number = {1},
    month = {3},
    pages = {196--210},
    volume = {10},
    publisher = {Society for Industrial {\&} Applied Mathematics (SIAM)},
    doi = {10.1137/0110015}
}

@techreport{Gerkey2004ASystems,
    title = {{A formal analysis and taxonomy of task allocation in multi-robot systems}},
    year = {2004},
    booktitle = {In Intl. J. of Robotics Research},
    author = {Gerkey, Brian P and Matari´cmatari´c, Maja J},
    number = {9},
    pages = {939--954},
    volume = {23},
    url = {http://robotics.stanford.edu/~gerkey/research/final_papers/mrta-taxonomy.pdf}
}

@techreport{VincentASwarms,
    title = {{A Framework and Analysis for Cooperative Search Using UAV Swarms}},
    author = {Vincent, Patrick and Rubin, Izhak},
    url = {http://delivery.acm.org/10.1145/970000/967919/p79-vincent.pdf?ip=140.203.12.4&id=967919&acc=ACTIVE%20SERVICE&key=846C3111CE4A4710%2E5E11B48930E8A046%2E4D4702B0C3E38B35%2E4D4702B0C3E38B35&__acm__=1560466610_dc4b1a298358a9677983484381c1294e},
    keywords = {B81 [Performance and Reliability]: Reliability, Testing and Fault Tolerance General Terms Performance, Design, Reliability Keywords Cooperative robots, path and motion planning, adaptive systems, UAV swarms, C4 [Performance of Systems]-fault tolerance, modeling techniques, J7 [Computers in Other Systems]-military}
}

@article{Wellington2006AVegetation,
    title = {{A Generative Model of Terrain for Autonomous Navigation in Vegetation On behalf of: Multimedia Archives can be found at: The International Journal of Robotics Research Additional services and information for A Generative Model of Terrain for Autonomous Navigation in Vegetation}},
    year = {2006},
    journal = {The International Journal of Robotics Research at CARNEGIE MELLON UNIV LIBRARY on August},
    author = {Wellington, Carl and Courville, Aaron and Stentz, Anthony},
    number = {12},
    pages = {1287--1304},
    volume = {25},
    url = {http://ijr.sagepub.comhttp://ijr.sagepub.com/cgi/content/abstract/25/12/1287http://ijr.sagepub.com/cgi/alertsEmailAlerts:http://ijr.sagepub.comhttp://www.sagepub.com/http://ijr.sagepub.comhttp://ijr.sagepub.com},
    doi = {10.1177/0278364906072769},
    keywords = {Gibbs sampling, Markov random fields, autonomous navigation, hidden semi-Markov models, learning, probabilistic inference, terrain modeling, vegetation}
}

@inproceedings{Tremblay2007AVehicles,
    title = {{A generic battery model for the dynamic simulation of hybrid electric vehicles}},
    year = {2007},
    booktitle = {VPPC 2007 - Proceedings of the 2007 IEEE Vehicle Power and Propulsion Conference},
    author = {Tremblay, Olivier and Dessaint, Louis A. and Dekkiche, Abdel Illah},
    pages = {284--289},
    isbn = {0780397614},
    doi = {10.1109/VPPC.2007.4544139}
}

@article{WangAPlanning,
    title = {{A Hyper-Heuristic Method for UAV Search Planning}},
    author = {Wang, Yue and Zhang, Min-Xia and Zheng, Yu-Jun},
    url = {https://link.springer.com/content/pdf/10.1007/978-3-319-61833-3_48.pdf},
    doi = {10.1007/978-3-319-61833-3},
    keywords = {Hyper-heuristic {\textperiodcentered}, Meta-heuristic {\textperiodcentered}, Search-and-rescue {\textperiodcentered}, Unmanned aerial vehicles (UAV)}
}

@inproceedings{OBeirne2006AExploration,
    title = {{A market framework for collaborative robot exploration}},
    year = {2006},
    booktitle = {VDI Berichte},
    author = {O'Beirne, Declan and Schukat, Michael},
    number = {1956},
    pages = {305},
    issn = {00835560},
    keywords = {Collaborative, Exploration, Market}
}

@inproceedings{Behnck2015APlanning,
    title = {{A modified simulated annealing algorithm for SUAVs path planning}},
    year = {2015},
    booktitle = {IFAC-PapersOnLine},
    author = {Behnck, Lucas P. and Doering, Dionisio and Pereira, Carlos Eduardo and Rettberg, Achim},
    doi = {10.1016/j.ifacol.2015.08.109},
    issn = {24058963},
    keywords = {Path planning, Simulated annealing, Unmanned Aerial Vehicle}
}

@article{Turcu2003ABooking,
    title = {{A Multi Agent System for Train Ticket Booking}},
    year = {2003},
    author = {Turcu, Cornel},
    number = {1},
    volume = {44},
    url = {https://ie.utcluj.ro/files/acta/2003/Number%201/Paper08_Turcu.pdf},
    keywords = {Agent, Communications, Internet, Multi Agent System, Network}
}

@article{Tiejun2006AProblem,
    title = {{A Multi.Agent Approach for Solving Traveling Salesman Problem}},
    year = {2006},
    journal = {WUJli{\$} Wuhan University Journal of Natural Sciences Vo1},
    author = {Tiejun, Zhou and Yihong, Tan and Lining, Xing},
    number = {5},
    pages = {1104--1108},
    volume = {11},
    url = {https://link.springer.com/content/pdf/10.1007%2FBF02829218.pdf},
    keywords = {multi-agent ap-, traveling salesman problem}
}

@techreport{HollinsWray2015AGPUs,
    title = {{A Parallel Point-Based POMDP Algorithm Leveraging GPUs}},
    year = {2015},
    author = {Hollins Wray, Kyle and Zilberstein, Shlomo},
    url = {https://developer.nvidia.com/about-cuda},
    keywords = {Technical Report FS-15-06}
}

@inproceedings{Veloso2014ASystems,
    title = {{A platform for the design, simulation and development of quadcopter multi-agent systems}},
    year = {2014},
    booktitle = {Iberian Conference on Information Systems and Technologies, CISTI},
    author = {Veloso, Rúben and Kokkinogenis, Zafeiris and Passos, Lúcio S. and Oliveira, Gustavo and Rossetti, Rosaldo J.F. and Gabriel, Joaquim},
    publisher = {IEEE Computer Society},
    isbn = {9789899843431},
    doi = {10.1109/CISTI.2014.6876915},
    issn = {21660735},
    keywords = {Multi-Agent Systems, Symbiotic Simulation, Unmanned Aerial Vehicles}
}

@techreport{SpaanAPlanning,
    title = {{A point-based POMDP algorithm for robot planning}},
    author = {Spaan, Matthijs T J and Vlassis, Nikos},
    url = {http://citeseerx.ist.psu.edu/viewdoc/download?doi=10.1.1.10.9723&rep=rep1&type=pdf}
}

@article{Ross1969AStop,
    title = {{A Problem in Optimal Search And Stop}},
    year = {1969},
    journal = {Operations Research},
    author = {Ross, Sheldon},
    number = {6},
    volume = {17},
    url = {https://pdfs.semanticscholar.org/6e26/7630c55981982c6291ecf77d4e1a13790116.pdf}
}

@article{Chew1966AProcedure,
    title = {{A Sequential Search Procedure}},
    year = {1966},
    journal = {The Annals of Mathematical Statistics},
    author = {Chew, Milton},
    url = {https://projecteuclid.org/download/pdf_1/euclid.aoms/1177698965}
}

@article{Robert2011AIncomplete,
    title = {{A Short History of Markov Chain Monte Carlo: Subjective Recollections from Incomplete}},
    year = {2011},
    journal = {Source: Statistical Science},
    author = {Robert, Christian and Casella, George},
    number = {1},
    pages = {102--115},
    volume = {26},
    url = {https://www.jstor.org/stable/pdf/23059158.pdf?refreqid=excelsior%3Ac052f0cdcc3045cdb01ba0f290bcad34},
    doi = {10.1214/10-STS351}
}

@article{SunAProblems,
    title = {{A Submodularity-Based Approach for Multi-Agent Optimal Coverage Problems}},
    author = {Sun, Xinmiao and Cassandras, Christos G and Meng, Xiangyu},
    url = {https://arxiv.org/pdf/1708.04201.pdf}
}

@article{Ren2005ACoordination,
    title = {{A Survey of Consensus Problems in Multi-agent Coordination}},
    year = {2005},
    author = {Ren, Wei and Beard, Randal W and Atkins, Ella M},
    url = {https://pdfs.semanticscholar.org/db98/4ae6388d89b4a35dc3ec786d5d96a2dd54f5.pdf}
}

@article{Ren2005ACoordinationb,
    title = {{A Survey of Consensus Problems in Multi-agent Coordination}},
    year = {2005},
    author = {Ren, Wei and Beard, Randal W and Atkins, Ella M},
    url = {https://pdfs.semanticscholar.org/db98/4ae6388d89b4a35dc3ec786d5d96a2dd54f5.pdf}
}

@techreport{SlabaughAPhotographs,
    title = {{A Survey of Methods for Volumetric Scene Reconstruction from Photographs}},
    author = {Slabaugh, Greg and Culbertson, Bruce and Malzbender, Tom and Schafer, Ron},
    url = {http://citeseerx.ist.psu.edu/viewdoc/download?doi=10.1.1.17.4793&rep=rep1&type=pdf}
}

@article{Ebeid2018ASimulators,
    title = {{A survey of Open-Source UAV flight controllers and flight simulators}},
    year = {2018},
    journal = {Microprocessors and Microsystems},
    author = {Ebeid, Emad and Skriver, Martin and Terkildsen, Kristian Husum and Jensen, Kjeld and Schultz, Ulrik Pagh},
    month = {9},
    pages = {11--20},
    volume = {61},
    publisher = {Elsevier B.V.},
    doi = {10.1016/j.micpro.2018.05.002},
    issn = {01419331},
    keywords = {Drone simulators, Drones, Flight controllers, Open platforms, Survey, Unmanned Aerial Vehicle (UAV)}
}

@techreport{Murphy2000ATechniques,
    title = {{A Survey of POMDP Solution Techniques}},
    year = {2000},
    author = {Murphy, Kevin P},
    url = {http://www.ece.mtu.edu/faculty/shiyan/EE5900Spring17/POMDP.pdf}
}

@article{Bordini2006ASystems,
    title = {{A Survey of Programming Languages and Platforms for Multi-Agent Systems}},
    year = {2006},
    journal = {Informatica},
    author = {Bordini, Rafael H and Braubach, Lars and Dastani, Mehdi and El Fallah Seghrouchni, Amal and Gomez-Sanz, Jorge J and Leite, João and Pokahr, Alexander and Ricci, Alessandro},
    pages = {33--44},
    volume = {30},
    url = {http://www.dur.ac.uk/r.bordini http://vsis-www.informatik.uni-hamburg. http://www.cs.uu.nl/~mehdi http://www-poleia.lip6.fr/~elfallah http://grasia.fdi.ucm.es/jorge http://centria.di.fct.unl.pt/~jleite http://www.cs.ucd.ie/staff/gohare http://vsis-www.informatik.uni-hamburg.de http://lia.deis.unibo.it/~ari},
    keywords = {Multi-Agent Systems, Platforms, Programming Languages}
}

@misc{Metzger2011AControl,
    title = {{A survey on applications of agent technology in industrial process control}},
    year = {2011},
    booktitle = {IEEE Transactions on Industrial Informatics},
    author = {Metzger, Mieczyslaw and Polak{\'{o}}w, Grzegorz},
    number = {4},
    month = {11},
    pages = {570--581},
    volume = {7},
    doi = {10.1109/TII.2011.2166781},
    issn = {15513203},
    keywords = {Agents and multiagents systems, distributed artificial intelligence, distributed control systems, industrial applications, process industry}
}

@article{Galceran2013ARobotics,
    title = {{A survey on coverage path planning for robotics}},
    year = {2013},
    journal = {Robotics and Autonomous Systems},
    author = {Galceran, Enric and Carreras, Marc},
    pages = {1258--1276},
    volume = {61},
    url = {http://dx.doi.org/10.1016/j.robot.2013.09.004},
    doi = {10.1016/j.robot.2013.09.004},
    keywords = {Coverage path planning, Motion planning, Path planning}
}

@techreport{DoucetALater,
    title = {{A Tutorial on Particle Filtering and Smoothing: Fifteen years later}},
    author = {Doucet, Arnaud and Johansen, Adam M},
    url = {https://www.seas.harvard.edu/courses/cs281/papers/doucet-johansen.pdf},
    keywords = {Central Limit Theorem, Filtering, Hidden Markov Models, Markov chain Monte Carlo, Par-ticle methods, Resampling, Sequential Monte Carlo, Smoothing, State-Space models}
}

@inproceedings{Smyth2018AInvestigation,
    title = {{A Virtual Environment with Multi-Robot Navigation, Analytics, and Decision Support for Critical Incident Investigation}},
    year = {2018},
    booktitle = {International Joint Conference on Artificial Intelligence},
    author = {Smyth, David L and Fennell, James and Abinesh, Sai and Karimi, Nazli B and Glavin, Frank G and Ullah, Ihsan and Drury, Brett and Madden, Michael G},
    pages = {5862--5864},
    publisher = {nternational Joint Conferences on Artificial Intelligence},
    url = {https://www.ijcai.org/proceedings/2018/0863.pdf},
    address = {Stockholm},
    arxivId = {1704.03952}
}

@inproceedings{Smyth2018ASupport,
    title = {{A Virtual Testbed for Critical Incident Investigation with Autonomous Remote Aerial Vehicle Surveying, Artificial Intelligence, and Decision Support}},
    year = {2018},
    booktitle = {IWAISe 2nd International Workshop on A.I. in Security},
    author = {Smyth, David L and Abinesh, Sai and Karimi, Nazli B and Drury, Brett and Ullah, Ihsan and Glavin, Frank G and Madden, Michael G},
    pages = {88--93},
    publisher = {Springer},
    url = {https://arxiv.org/pdf/1809.06244.pdf},
    address = {Dublin},
    arxivId = {1809.06244v2}
}

@techreport{Cassandra1998AbstractBy,
    title = {{Abstract of {\textbackslash}Exact and Approximate Algorithms for Partially Observ-able Markov Decision Processes{\&}quot; by}},
    year = {1998},
    author = {Cassandra, Anthony Rocco},
    url = {http://citeseerx.ist.psu.edu/viewdoc/download;jsessionid=C91C1BDA34D18356B7321DFFCD1DA04C?doi=10.1.1.71.1377&rep=rep1&type=pdf}
}

@article{EpshteynActiveLearning,
    title = {{Active Reinforcement Learning}},
    author = {Epshteyn, Arkady and Vogel, Adam and Dejong, Gerald},
    url = {http://delivery.acm.org/10.1145/1400000/1390194/p296-epshteyn.pdf?ip=140.203.12.3&id=1390194&acc=ACTIVE%20SERVICE&key=846C3111CE4A4710%2E5E11B48930E8A046%2E4D4702B0C3E38B35%2E4D4702B0C3E38B35&CFID=1002570936&CFTOKEN=65694882&__acm__=1510228390_cd4e6de70e2dd529c1611666d9af20fb}
}

@article{Ahmad2013ActiveDecision-Making,
    title = {{Active Sensing as Bayes-Optimal Sequential Decision-Making}},
    year = {2013},
    journal = {Uncertainty in Artificial Intelligence},
    author = {Ahmad, Sheeraz and Yu, Angela J},
    url = {http://auai.org/uai2013/prints/papers/85.pdf}
}

@article{AgentMiningTheSynergyOfAgentsAndDataMining,
    title = {{AgentMiningTheSynergyOfAgentsAndDataMining}}
}

@article{Glavic2006AgentsReport,
    title = {{Agents and Multi-Agent Systems: A Short Introduction for Power Engineers -Technical Report}},
    year = {2006},
    author = {Glavic, Mevludin},
    url = {http://www.montefiore.ulg.ac.be/~glavic/MAS-Intro_Tech_report.pdf}
}

@article{RaoAgentSpeakL:Language,
    title = {{AgentSpeak(L): BDI Agents speak out in a logical computable language}},
    author = {Rao, Anand S},
    url = {http://citeseerx.ist.psu.edu/viewdoc/download;jsessionid=AC39079966B96D4538B1AA1813ABCBBD?doi=10.1.1.598.969&rep=rep1&type=pdf}
}

@article{Bondi2018AirSim-W:UAVs,
    title = {{AirSim-W: A Simulation Environment for Wildlife Conservation with UAVs}},
    year = {2018},
    author = {Bondi, Elizabeth and Dey, Debadeepta and Kapoor, Ashish and Piavis, Jim and Shah, Shital and Fang, Fei and Dilkina, Bistra and Hannaford, Robert and Iyer, Arvind and Joppa, Lucas and Tambe, Milind and Air Shepherd, by},
    volume = {18},
    url = {https://doi.org/10.1145/3209811.3209880},
    isbn = {9781450358163},
    doi = {10.1145/3209811.3209880},
    keywords = {CCS CONCEPTS • Computing methodologies → Object recognition, KEYWORDS unmanned aerial vehicles, drones, object detection, simulation, wildlife conser-vation}
}

@inproceedings{Shah2017AirSim:Vehicles,
    title = {{AirSim: High-Fidelity Visual and Physical Simulation for Autonomous Vehicles}},
    year = {2017},
    booktitle = {Field and Service Robotics},
    author = {Shah, Shital and Dey, Debadeepta and Lovett, Chris and Kapoor, Ashish},
    url = {https://arxiv.org/pdf/1705.05065.pdf}
}

@article{Shimrat1962Algorithms,
    title = {{Algorithms}},
    year = {1962},
    journal = {Communications of the ACM},
    author = {Shimrat, M},
    month = {8},
    pages = {434}
}

@article{Zahl1963ANSTATISTICS,
    title = {{AN ALLOCATION PROBLEM WITH APPLICATIONS TO OPERATIONS RESEARCH AND STATISTICS}},
    year = {1963},
    journal = {Operations Research},
    author = {Zahl, Samuel},
    number = {3},
    volume = {11},
    url = {https://about.jstor.org/terms}
}

@article{Rosenkrantz1977AnProblem,
    title = {{An analysis of several heuristics for the traveling salesman problem}},
    year = {1977},
    journal = {SIAM Journal on Computing},
    author = {Rosenkrantz, Daniel J. and Stearns, Richard E. and Lewis, Philip M.},
    pages = {563--581},
    volume = {6},
    publisher = {	Society for Industrial and Applied Mathematics},
    isbn = {9781402096877},
    doi = {10.1007/978-1-4020-9688-4{\_}3},
    keywords = {approximation algorithm, k-optimal, minimal spanning tree, traveling salesman problem, triangle inequality}
}

@techreport{Ghahramani2001ANNETWORKS,
    title = {{AN INTRODUCTION TO HIDDEN MARKOV MODELS AND BAYESIAN NETWORKS}},
    year = {2001},
    booktitle = {International Journal of Pattern Recognition and Artificial Intelligence},
    author = {Ghahramani, Zoubin},
    number = {1},
    pages = {9--42},
    volume = {15},
    url = {http://www.gatsby.ucl.ac.uk/∼zoubin/},
    keywords = {Dynamic Bayesian networks, EM algorithms, Gibbs sampling, hidden Markov models, state space models, variational methods}
}

@article{GhanramaniAnNetworks,
    title = {{An Introduction to Hidden Markov Models and Bayesian Networks}},
    author = {Ghanramani, Z},
    url = {http://mlg.eng.cam.ac.uk/zoubin/papers/ijprai.pdf}
}

@misc{Laamarti2014AnGames,
    title = {{An overview of serious games}},
    year = {2014},
    booktitle = {International Journal of Computer Games Technology},
    author = {Laamarti, Fedwa and Eid, Mohamad and El Saddik, Abdulmotaleb},
    volume = {2014},
    publisher = {Hindawi Publishing Corporation},
    doi = {10.1155/2014/358152},
    issn = {16877055}
}

@misc{Chung2012AnalysisStrategies,
    title = {{Analysis of search decision making using probabilistic search strategies}},
    year = {2012},
    booktitle = {IEEE Transactions on Robotics},
    author = {Chung, Timothy H. and Burdick, Joel W.},
    doi = {10.1109/TRO.2011.2170333},
    issn = {15523098},
    keywords = {Autonomous systems, expected time to decision, probabilistic search, robotic decision making, search theory}
}

@techreport{BloembergenAnalyzingTheory,
    title = {{analyzing Reinforcement Learning algorithms using Evolutionary Game Theory}},
    author = {Bloembergen, Daan},
    url = {http://www.flowermountains.nl/pub/Bloembergen2010thesis.pdf}
}

@article{Muller2014ApplicationSurvey,
    title = {{Application Impact of Multiagent Systems and Technologies: A Survey}},
    year = {2014},
    journal = {Agent-Oriented Software Engineering: Reflections on Architectures, Methodologies, Languages, and Frameworks},
    author = {M{\"{u}}ller, Jörg P and Fischer, Klaus},
    volume = {9783642544323},
    url = {www.agentlink.org},
    isbn = {9783642544316}
}

@techreport{KingmaAuto-EncodingBayes,
    title = {{Auto-Encoding Variational Bayes}},
    author = {Kingma, Diederik P and Welling, Max},
    url = {https://arxiv.org/pdf/1312.6114.pdf},
    arxivId = {1312.6114v10}
}

@techreport{Huang1994AutomaticNetworks,
    title = {{Automatic Symbolic Traffic Scene Analysis Using Belief Networks*}},
    year = {1994},
    author = {Huang, T and Koller, D and Malik, J and Ogasawara, G and Rao, B and Russell, S and Weber, J},
    url = {www.aaai.org}
}

@article{LinusJanLuotsinenAutonomousSystems,
    title = {{Autonomous Environmental Mapping in Multi-Agent UAV Systems}},
    author = {Linus Jan Luotsinen, by and B{\"{o}}l{\"{o}}ni, Ladislau L},
    url = {http://etd.fcla.edu/CF/CFE0000051/Luotsinen_Linus_J_200405_MSCpE.pdf}
}

@article{LinusJanLuotsinenAutonomousSystemsb,
    title = {{Autonomous Environmental Mapping in Multi-Agent UAV Systems}},
    author = {Linus Jan Luotsinen, by and B{\"{o}}l{\"{o}}ni, Ladislau L},
    url = {http://etd.fcla.edu/CF/CFE0000051/Luotsinen_Linus_J_200405_MSCpE.pdf}
}

@article{Fabiani2007AutonomousFlights,
    title = {{Autonomous flight and navigation of VTOL UAVs: from autonomy demonstrations to out-of-sight flights}},
    year = {2007},
    journal = {Aerospace Science and Technology},
    author = {Fabiani, P and Fuertes, V and Piquereau, A and Mampey, R and Teichteil-K{\"{o}}nigsbuch, F},
    pages = {183--193},
    volume = {11},
    url = {www.elsevier.com/locate/aescte},
    doi = {10.1016/j.ast.2006.05.005}
}

@techreport{TisdaleAutonomousUAVs,
    title = {{Autonomous Path Planning and Estimation using UAVs}},
    author = {Tisdale, John and Kim, Zu and Hedrick, J Karl},
    url = {http://c3uv.berkeley.edu/papers/Tisdale_ieee09.pdf}
}

@techreport{TisdaleAutonomousUAVsb,
    title = {{Autonomous Path Planning and Estimation using UAVs}},
    author = {Tisdale, John and Kim, Zu and Hedrick, J Karl},
    url = {http://c3uv.berkeley.edu/papers/Tisdale_ieee09.pdf}
}

@inproceedings{Sinha2006AutonomousUAVs,
    title = {{Autonomous search, tracking and classification by multiple cooperative UAVs}},
    year = {2006},
    booktitle = {Signal Processing, Sensor Fusion, and Target Recognition XV},
    author = {Sinha, A. and Kirubarajan, T. and Bar-Shalom, Y.},
    month = {5},
    pages = {623508},
    volume = {6235},
    publisher = {SPIE},
    doi = {10.1117/12.668351}
}

@inproceedings{Cook2014AUVMississippi,
    title = {{AUV 2014 : 2014 IEEE/OES Autonomous Underwater Vehicles (AUV) : October 6-9, Oxford, Mississippi}},
    year = {2014},
    booktitle = {utonomous Underwater Vehicles (AUV) 2014 IEEE/OES},
    author = {Cook, Daniel and Vardy, Andrew and Lewis, Ron},
    isbn = {9781479943449}
}

@article{BasicPlane,
    title = {{Basic Geometric Objects in the Plane}},
    url = {http://www.dcs.gla.ac.uk/~pat/52233/slides/Geometry1x1.pdf}
}

@incollection{Mi2017BatteryModeling,
    title = {{Battery Modeling}},
    year = {2017},
    booktitle = {Hybrid Electric Vehicles},
    author = {Mi, Chris and Masrur, M. Abul},
    month = {9},
    pages = {371--383},
    publisher = {John Wiley {\&} Sons, Ltd},
    doi = {10.1002/9781118970553.ch12}
}

@article{Wald1950BayesProblems,
    title = {{Bayes Solutions of Sequential Decision Problems}},
    year = {1950},
    journal = {Source: The Annals of Mathematical Statistics},
    author = {Wald, A and Wolfowitz, J},
    number = {1},
    pages = {82--99},
    volume = {21},
    url = {https://www.jstor.org/stable/pdf/2236555.pdf?refreqid=excelsior%3A6236bafa97c0fc680bb9f93269781737}
}

@inproceedings{Roumeliotis2002BayesianLocalization,
    title = {{Bayesian estimation and Kalman filtering: a unified framework for mobile robot localization}},
    year = {2002},
    author = {Roumeliotis, S.I. and Bekey, G.A.},
    month = {11},
    pages = {2985--2992},
    publisher = {Institute of Electrical and Electronics Engineers (IEEE)},
    doi = {10.1109/robot.2000.846481}
}

@techreport{Fox2003BayesianEstimation,
    title = {{Bayesian Filtering for Location Estimation}},
    year = {2003},
    author = {Fox, Dieter and Hightower, Jeffrey and Liao, Lin and Schulz, Dirk and Borriello, Gaetano},
    url = {http://computer.org/pervasive}
}

@techreport{CoueBayesianApplication,
    title = {{Bayesian Occupancy Filtering for Multi-Target Tracking: an Automotive Application}},
    author = {Cou{\'{e}}, Christophe and Pradalier, Cédric and Laugier, Christian and Fraichard, Thierry and Bess{\`{i}}, Pierre},
    url = {http://www.inrialpes.fr/sharp}
}

@article{RaoBDIPractice,
    title = {{BDI Agents: From Theory to Practice}},
    author = {Rao, Anand S and Georgeff, Michael P},
    url = {https://www.aaai.org/Papers/ICMAS/1995/ICMAS95-042.pdf}
}

@article{Heusner2017Best-CaseSearch,
    title = {{Best-Case and Worst-Case Behavior of Greedy Best-First Search}},
    year = {2017},
    author = {Heusner, Manuel and Keller, Thomas and Helmert, Malte},
    url = {https://www.ijcai.org/proceedings/2018/0203.pdf},
    keywords = {Heuristic Search and Game Playing: Heuristic Search}
}

@article{Kimeldorf1979BinomialObjects,
    title = {{Binomial Searching for a Random Number of Multinomially Hidden Objects}},
    year = {1979},
    journal = {Management Science},
    author = {Kimeldorf, George and Smith, Furman H},
    number = {11},
    pages = {1115--1126},
    volume = {25},
    url = {https://www.jstor.org/stable/pdf/2630412.pdf?refreqid=excelsior%3Abb955d749ce82b518cc8e7864f536414}
}

@article{KolmogorovBlossomAlgorithm,
    title = {{Blossom V: A new implementation of a minimum cost perfect matching algorithm}},
    author = {Kolmogorov, Vladimir},
    url = {http://www.springer.com}
}

@techreport{SenanayakeBuildingRobots,
    title = {{Building Continuous Occupancy Maps with Moving Robots}},
    author = {Senanayake, Ransalu and Ramos, Fabio},
    url = {www.aaai.org},
    keywords = {Robotics Track}
}

@article{Sadeghi2016CADImage,
    title = {{CAD 2 RL: Real Single-Image Flight Without a Single Real Image}},
    year = {2016},
    journal = {Arxiv},
    author = {Sadeghi, Fereshteh and Levine, Sergey},
    url = {https://youtu.be/nXBWmzFrj5s},
    arxivId = {1611.04201v4}
}

@inproceedings{Dosovitskiy2017CARLA:Simulator,
    title = {{CARLA: An Open Urban Driving Simulator}},
    year = {2017},
    booktitle = {Proceedings of Machine Learning Research},
    author = {Dosovitskiy, Alexey and Ros, German and Codevilla, Felipe and L{\'{o}}pez, Antonio and Koltun, Vladlen},
    editor = {{Sergey Levine and Vincent Vanhoucke and Ken Goldberg}},
    pages = {1--16},
    publisher = {PMLR},
    url = {http://proceedings.mlr.press/v78/dosovitskiy17a/dosovitskiy17a.pdf},
    address = {California}
}

@inproceedings{Dosovitskiy2017CARLA:Simulatorb,
    title = {{CARLA: An Open Urban Driving Simulator}},
    year = {2017},
    booktitle = {Proceedings of the 1st Annual Conference on Robot Learning},
    author = {Dosovitskiy, Alexey and Ros, German and Codevilla, Felipe and L{\'{o}}pez, Antonio and Koltun, Vladlen},
    pages = {1--16},
    url = {http://vladlen.info/papers/carla.pdf},
    address = {California}
}

@article{CHAPTERSearch,
    title = {{CHAPTER 2 Greedy algorithms and Local search}},
    url = {http://personal.vu.nl/r.a.sitters/AdvancedAlgorithms/2016/SlidesChapter2-2016.pdf}
}

@article{BrysonCo-operativeEnvironments,
    title = {{Co-operative Localisation and Mapping for Multiple UAVs in Unknown Environments}},
    author = {Bryson, Mitch and Sukkarieh, Salah},
    keywords = {Autonomous Ve-hicles, Mapping, Multi-Vehicle Co-operation, Navigation, SLAM}
}

@article{Durfree1987CoherentSolvers,
    title = {{Coherent Cooperation Among Communicating Problem Solvers}},
    year = {1987},
    journal = {IEEE Transactions on Computers},
    author = {Durfree, Edmund and Lesser, Victor and Corkill, Daniel},
    volume = {36},
    url = {file:///home/david/Dropbox/Masters/Notes/CoherentCooperationAmongCommunicatingProblemSolvers.pdf}
}

@article{CoherentCooperationAmongCommunicatingProblemSolvers,
    title = {{CoherentCooperationAmongCommunicatingProblemSolvers}}
}

@inproceedings{Michael2014CollaborativeRobots,
    title = {{Collaborative mapping of an earthquake damaged building via ground and aerial robots}},
    year = {2014},
    booktitle = {Springer Tracts in Advanced Robotics},
    author = {Michael, Nathan and Shen, Shaojie and Mohta, Kartik and Kumar, Vijay and Nagatani, Keiji and Okada, Yoshito and Kiribayashi, Seiga and Otake, Kazuki and Yoshida, Kazuya and Ohno, Kazunori and Takeuchi, Eijiro and Tadokoro, Satoshi},
    pages = {33--47},
    volume = {92},
    isbn = {9783642406850},
    doi = {10.1007/978-3-642-40686-7{\_}3},
    issn = {16107438}
}

@article{CollaborativeMultiRobotExploration,
    title = {{CollaborativeMultiRobotExploration}}
}

@article{Burgard2000CollarborativeExploration,
    title = {{Collarborative Multi-Robot Exploration}},
    year = {2000},
    journal = {Proceedings of the 2000 IEEE International Conference on Robotics and Automation},
    author = {Burgard, Wolfram and Moors, Mark and Fox, Dieter and Simmons, Reid and Thrun, Sebastian},
    url = {file:///home/david/Dropbox/Masters/Notes/CollaborativeMultiRobotExploration.pdf}
}

@techreport{BourgaultCommunicationStrategy,
    title = {{Communication in General Decentralized Filters and the Coordinated Search Strategy}},
    author = {Bourgault, Frédéric and Durrant-Whyte, Hugh F},
    url = {https://pdfs.semanticscholar.org/7e97/0ab8c802a3ca5057b1464060c56432a5700c.pdf},
    keywords = {channel filter, channel manager, coordinated control, general decentralized data fusion, search}
}

@article{2015COMPSCIAlgorithms,
    title = {{COMPSCI 532: Design and Analysis of Algorithms}},
    year = {2015},
    url = {https://www2.cs.duke.edu/courses/fall15/compsci532/scribe_notes/lec14.pdf}
}

@techreport{Isard1998CONDENSATION-ConditionalTracking,
    title = {{CONDENSATION-Conditional Density Propagation for Visual Tracking}},
    year = {1998},
    booktitle = {International Journal of Computer Vision},
    author = {Isard, Michael and Blake, Andrew},
    number = {1},
    pages = {5--28},
    volume = {29},
    url = {http://vision.stanford.edu/teaching/cs231b_spring1415/papers/isard-blake-98.pdf}
}

@book{Boyd2004ConvexOptimization,
    title = {{Convex Optimization}},
    year = {2004},
    author = {Boyd, Stephen and Vandenberghe, Lieven},
    publisher = {Cambridge University Press },
    url = {http://www.cambridge.org},
    address = {New York},
    isbn = {9780521833783},
    keywords = {()}
}

@article{Casbeer2005CooperativeVehicles,
    title = {{Cooperative Forest Fire Surveillance Using a Team of Small Unmanned Air Vehicles}},
    year = {2005},
    journal = {International Journal of Systems Science},
    author = {Casbeer, David W and Kingston, Derek B and Beard, Randal W and Mclain, Timothy W and Li, Sai-Ming and Mehra, Raman},
    number = {00},
    pages = {1--18},
    volume = {00},
    url = {https://pdfs.semanticscholar.org/0329/94843c2a3ef5215defbd3293e0e6a9e39e59.pdf}
}

@article{Cao1997Cooperative,
    title = {{Cooperative Mobile Robotics: Antecedents and Directions *}},
    year = {1997},
    journal = {Autonomous Robots},
    author = {Cao, Y Uny and Fukunaga, Alex S and Kahng, Andrew B},
    pages = {7--27},
    volume = {4},
    url = {https://link.springer.com/content/pdf/10.1023%2FA%3A1008855018923.pdf},
    keywords = {artificial intelligence, cooperative robotics, distributed robotics, mobile robots, multiagent systems, swarm intelligence}
}

@article{GuptaCooperativeLearning,
    title = {{Cooperative Multi-Agent Control Using Deep Reinforcement Learning}},
    author = {Gupta, Jayesh K and Egorov, Maxim and Kochenderfer, Mykel},
    url = {http://ala2017.it.nuigalway.ie/papers/ALA2017_Gupta.pdf}
}

@article{Charrow2014CooperativeLocalization,
    title = {{Cooperative multi-robot estimation and control for radio source localization}},
    year = {2014},
    journal = {The International Journal of Robotics Research},
    author = {Charrow, Benjamin and Michael, Nathan and Kumar, Vijay},
    number = {4},
    pages = {569--580},
    volume = {33},
    url = {https://journals.sagepub.com/doi/pdf/10.1177/0278364913500542},
    doi = {10.1177/0278364913500542},
    keywords = {Ranging radio, active sensing, entropy, localization, multi-robot, mutual information, particle filter}
}

@article{Charrow2014CooperativeLocalizationb,
    title = {{Cooperative multi-robot estimation and control for radio source localization}},
    year = {2014},
    journal = {The International Journal of Robotics Research},
    author = {Charrow, Benjamin and Michael, Nathan and Kumar, Vijay},
    number = {4},
    pages = {569--580},
    volume = {33},
    url = {https://journals.sagepub.com/doi/pdf/10.1177/0278364913500542},
    doi = {10.1177/0278364913500542},
    keywords = {Ranging radio, active sensing, entropy, localization, multi-robot, mutual information, particle filter}
}

@inproceedings{Bourgault2003CoordinatedWorld,
    title = {{Coordinated Decentralized Search for a Lost Target in a Bayesian World}},
    year = {2003},
    booktitle = {IEEE/RSJ International Conference on Intelligent Robots and Systems },
    author = {Bourgault, Frédéric and Furukawa, Tomonari and Durrant-Whyte, Hugh F},
    url = {https://groups.csail.mit.edu/drl/wiki/images/5/57/BourgaultIROS03.pdf},
    address = {Las Vegas}
}

@inproceedings{Ramrez2011CoordinatedVessels,
    title = {{Coordinated sea rescue system based on unmanned air vehicles and surface vessels}},
    year = {2011},
    booktitle = {OCEANS 2011 IEEE - Spain},
    author = {Ram??rez, Francisco Fern??ndez and Benitez, David S??nchez and Portas, Eva Besada and Orozco, Jos?? A L??pez},
    isbn = {9781457700866},
    doi = {10.1109/Oceans-Spain.2011.6003509},
    keywords = {Artificial Neural Network, Particle Filters Unmanned Vehicles, Search and rescue, Shipwreck}
}

@inproceedings{Ramrez2011CoordinatedVesselsb,
    title = {{Coordinated sea rescue system based on unmanned air vehicles and surface vessels}},
    year = {2011},
    booktitle = {OCEANS 2011 IEEE - Spain},
    author = {Ram??rez, Francisco Fern??ndez and Benitez, David S??nchez and Portas, Eva Besada and Orozco, Jos?? A L??pez},
    isbn = {9781457700866},
    doi = {10.1109/Oceans-Spain.2011.6003509},
    keywords = {Artificial Neural Network, Particle Filters Unmanned Vehicles, Search and rescue, Shipwreck}
}

@inproceedings{Waharte2009CoordinatedUAVs,
    title = {{Coordinated search with a swarm of UAVs}},
    year = {2009},
    booktitle = {2009 6th IEEE Annual Communications Society Conference on Sensor, Mesh and Ad Hoc Communications and Networks Workshops, SECON Workshops 2009},
    author = {Waharte, Sonia and Trigoni, Niki and Julier, Simon J.},
    isbn = {9781424439386},
    doi = {10.1109/SAHCNW.2009.5172925}
}

@techreport{Boutilier1995CorrelatedRegression,
    title = {{Correlated Action Effects in Decision-Theoretic Regression}},
    year = {1995},
    author = {Boutilier, Craig and Dearden, Richard and Goldszmidt, Moisés},
    pages = {30--37},
    url = {https://www.cs.toronto.edu/~cebly/Papers/sdp.pdf},
    keywords = {Bayesian networks, Markov decision processes, abstraction, decision trees, decision-theoretic planning, regression}
}

@book{TechnicalWorkingGrouponCrimeSceneInvestigation2013CrimeEnforcement,
    title = {{Crime Scene Investigation A Guide For Law Enforcement}},
    year = {2013},
    author = {{Technical Working Group on Crime Scene Investigation}},
    publisher = {US Department of Justice},
    url = {www.nfstc.org}
}

@techreport{2016CS4234:Variants,
    title = {{CS4234: Optimisation Algorithms Lecture 4 TRAVELLING-SALESMAN-PROBLEM (4 variants)}},
    year = {2016},
    url = {http://www.travellingsalesmanmovie.com/.}
}

@article{Horvitz2015DataGood,
    title = {{Data, privacy, and the greater good}},
    year = {2015},
    journal = {Science},
    author = {Horvitz, Eric and Mulligan, Deirdre},
    number = {6245},
    month = {7},
    pages = {253--255},
    volume = {349},
    publisher = {American Association for the Advancement of Science},
    doi = {10.1126/science.aac4520},
    issn = {10959203}
}

@inproceedings{Bourgault2005DecentralizedSearch,
    title = {{Decentralized Bayesian negotiation for cooperative search}},
    year = {2005},
    author = {Bourgault, F. and Furukawa, T. and Durrant-Whyte, H.F.},
    month = {4},
    pages = {2681--2686},
    publisher = {Institute of Electrical and Electronics Engineers (IEEE)},
    doi = {10.1109/iros.2004.1389813}
}

@article{SeoDECENTRALIZEDLOGIC,
    title = {{DECENTRALIZED CONTROLLER DESIGN FOR FORMATION FLIGHT WITH UAV FAILURE DETECTION LOGIC}},
    author = {Seo, Joongbo and Kim, Youdan and Park, Chan Gook},
    url = {http://www.icas.org/ICAS_ARCHIVE/ICAS2010/PAPERS/188.PDF},
    keywords = {decentralized controller, formation flight, graph}
}

@inproceedings{Chang2009DecentralizedCoverage,
    title = {{Decentralized coordinated control of a vehicle network for deployment in sweep coverage}},
    year = {2009},
    booktitle = {IEEE International Conference on Control and Automation},
    author = {Chang, Teddy and Savkin, Andrey},
    pages = {275--279},
    publisher = {IEEE},
    url = {https://ieeexplore.ieee.org/stamp/stamp.jsp?tp=&arnumber=5410535&tag=1},
    address = {Christchurch}
}

@inproceedings{Zhai2012DecentralizedSystems,
    title = {{Decentralized Sweep Coverage Algorithm for Uncertain Region of Multi-agent Systems}},
    year = {2012},
    booktitle = {American Control Conference},
    author = {Zhai, Chao and Hong, Yiguang},
    pages = {4522--4527},
    url = {https://ieeexplore.ieee.org/stamp/stamp.jsp?tp=&arnumber=6315305},
    address = {Montreal}
}

@techreport{Boutilier1999Decision-TheoreticLeverage,
    title = {{Decision-Theoretic Planning: Structural Assumptions and Computational Leverage}},
    year = {1999},
    booktitle = {Journal of Artiicial Intelligence Research},
    author = {Boutilier, Craig and Dean, Thomas and Hanks, Steve},
    pages = {1--94},
    volume = {11},
    url = {https://arxiv.org/pdf/1105.5460.pdf}
}

@article{JaderbergDecoupledGradients,
    title = {{Decoupled Neural Interfaces using Synthetic Gradients}},
    author = {Jaderberg, Max and Czarnecki, Wojciech Marian and Osindero, Simon and Vinyals, Oriol and Graves, Alex and Silver, David and Kavukcuoglu, Koray},
    url = {https://arxiv.org/pdf/1608.05343.pdf},
    arxivId = {arXiv:1608.05343v2}
}

@misc{Lecun2015DeepLearning,
    title = {{Deep learning}},
    year = {2015},
    booktitle = {Nature},
    author = {Lecun, Yann and Bengio, Yoshua and Hinton, Geoffrey},
    number = {7553},
    month = {5},
    pages = {436--444},
    volume = {521},
    publisher = {Nature Publishing Group},
    doi = {10.1038/nature14539},
    issn = {14764687}
}

@article{Beattie2016DeepMindLab,
    title = {{DeepMind Lab}},
    year = {2016},
    author = {Beattie, Charles and Leibo, Joel Z and Teplyashin, Denis and Ward, Tom and Wainwright, Marcus and K{\"{u}}ttler, Heinrich and Lefrancq, Andrew and Green, Simon and Vald{\'{e}}s, Víctor and Sadik, Amir and Schrittwieser, Julian and Anderson, Keith and York, Sarah and Cant, Max and Cain, Adam and Bolton, Adrian and Gaffney, Stephen and King, Helen and Hassabis, Demis and Legg, Shane and Petersen, Stig},
    url = {https://arxiv.org/pdf/1612.03801.pdf}
}

@inproceedings{Koenig2005DesignSimulator,
    title = {{Design and use paradigms for gazebo, an open-source multi-robot simulator}},
    year = {2005},
    author = {Koenig, N. and Howard, A.},
    month = {4},
    pages = {2149--2154},
    publisher = {Institute of Electrical and Electronics Engineers (IEEE)},
    doi = {10.1109/iros.2004.1389727}
}

@inproceedings{Koenig2005DesignSimulatorb,
    title = {{Design and use paradigms for gazebo, an open-source multi-robot simulator}},
    year = {2005},
    booktitle = {Proceedings 01 2004 IEEE RSJ International Conference on Intelligent Robots and Systems},
    author = {Koenig, N. and Howard, A.},
    month = {4},
    pages = {2149--2154},
    publisher = {Institute of Electrical and Electronics Engineers (IEEE)},
    address = {Sendai},
    doi = {10.1109/iros.2004.1389727}
}

@article{Vilarinho2016DesignControl,
    title = {{Design of a Multiagent System for Real-Time Traffic Control}},
    year = {2016},
    journal = {IEEE Intelligent Systems},
    author = {Vilarinho, Cristina and Tavares, Jose Pedro and Rossetti, Rosaldo J.F.},
    number = {4},
    volume = {31},
    doi = {10.1109/MIS.2016.66},
    issn = {15411672}
}

@inproceedings{Tuna2012DesignRecovery,
    title = {{Design strategies of unmanned aerial vehicle-aided communication for disaster recovery}},
    year = {2012},
    booktitle = {2012 9th International Conference on High Capacity Optical Networks and Enabling Technologies, HONET 2012},
    author = {Tuna, Gurkan and Mumcu, Tarik Veli and Gulez, Kayhan},
    pages = {115--119},
    isbn = {9781467328906},
    doi = {10.1109/HONET.2012.6421446},
    keywords = {Unmanned aerial vehicles, disaster recovery, navigation and localization, post-disaster communications}
}

@article{ParkDesigningApplication,
    title = {{Designing multi-agent systems: a framework and application}},
    author = {Park, Sooyong and Sugumaran, Vijayan},
    url = {https://ac.els-cdn.com/S0957417404001162/1-s2.0-S0957417404001162-main.pdf?_tid=6ee78666-bf14-11e7-8f50-00000aacb360&acdnat=1509548194_54c05f2053871cdf209e889d816d8d66},
    doi = {10.1016/j.eswa.2004.10.006},
    keywords = {Agent design, Architecture Description Language (ADL), Intelligent agent, MAS architecture, Multi-agent systems, Unified Modeling Language (UML)}
}

@techreport{SomaniDESPOT:Regularization,
    title = {{DESPOT: Online POMDP Planning with Regularization}},
    author = {Somani, Adhiraj and Ye, Nan and Wee, David Hsu and Lee, Sun},
    url = {http://bigbird.comp.}
}

@inproceedings{Lee2018DigitalCrowds,
    title = {{Digital Scene Augmentation Techniques for Generating Photo-Realistic Virtual Crowds}},
    year = {2018},
    booktitle = {2018 IEEE Games, Entertainment, Media Conference, GEM 2018},
    author = {Lee, Kevin and Shmatov, Anton and Byrne, Jonathan and Moloney, David},
    month = {10},
    pages = {299--305},
    publisher = {Institute of Electrical and Electronics Engineers Inc.},
    isbn = {9781538663042},
    doi = {10.1109/GEM.2018.8516471}
}

@inproceedings{Lee2018DigitalCrowdsb,
    title = {{Digital Scene Augmentation Techniques for Generating Photo-Realistic Virtual Crowds}},
    year = {2018},
    booktitle = {2018 IEEE Games, Entertainment, Media Conference, GEM 2018},
    author = {Lee, Kevin and Shmatov, Anton and Byrne, Jonathan and Moloney, David},
    month = {10},
    pages = {299--305},
    publisher = {Institute of Electrical and Electronics Engineers Inc.},
    isbn = {9781538663042},
    doi = {10.1109/GEM.2018.8516471}
}

@article{Vincenty1975DirectEquations,
    title = {{Direct and Inverse solutions of geodesics on the ellipsoid with application of nested equations}},
    year = {1975},
    journal = {Survey Review},
    author = {Vincenty, Thaddeus},
    number = {176},
    pages = {88--93},
    volume = {23},
    url = {https://www.ngs.noaa.gov/PUBS_LIB/inverse.pdf}
}

@article{Ramakrishnan2018DiscoveringLearning,
    title = {{Discovering Blind Spots in Reinforcement Learning}},
    year = {2018},
    journal = {IFAAMAS},
    author = {Ramakrishnan, Ramya and Kamar, Ece and Dey, Debadeepta and Shah, Julie and Horvitz, Eric},
    volume = {9},
    url = {www.ifaamas.org},
    arxivId = {arXiv:1805.08966v1},
    keywords = {Interactive reinforcement learning, Safety in RL, Transfer learning}
}

@unpublished{Blackwell1961DiscreteProgramming,
    title = {{Discrete Dynamic Programming}},
    year = {1961},
    author = {Blackwell, David},
    url = {https://projecteuclid.org/download/pdf_1/euclid.aoms/1177704593},
    institution = {University of California, Berkeley}
}

@article{Song2004DiscreteSensors,
    title = {{Discrete search with multiple sensors}},
    year = {2004},
    journal = {Mathematical Methods of Operations Research},
    author = {Song, Nah Oak and Teneketzis, Demosthenis},
    number = {1},
    month = {9},
    pages = {1--13},
    volume = {60},
    doi = {10.1007/s001860400360},
    issn = {14322994},
    keywords = {Forward induction, Gittins index, Multi-armed bandits, Multiple sensors, Search problem}
}

@article{Song2004DiscreteSensorsb,
    title = {{Discrete search with multiple sensors}},
    year = {2004},
    journal = {Mathematical Methods of Operations Research},
    author = {Song, Nah-Oak and Teneketzis, Demosthenis},
    url = {https://link.springer.com/content/pdf/10.1007%2Fs001860400360.pdf},
    doi = {10.1007/s001860400360}
}

@techreport{Black1965DiscretePROBLEM,
    title = {{Discrete Sequential Search INTRODUCTION AND STATEMENT OF PROBLEM}},
    year = {1965},
    booktitle = {INFORMATION AND CONTROL},
    author = {Black, Williali L},
    pages = {159--162},
    volume = {8},
    url = {https://core.ac.uk/download/pdf/82550526.pdf}
}

@article{KimDroneTemperature,
    title = {{Drone Flight Scheduling Under Uncertainty on Battery Duration and Air Temperature}},
    author = {Kim, Seon Jin and Lim, Gino J and Cho, Jaeyoung},
    url = {http://www.ie.uh.edu/sites/ie/files/faculty/glim/Drone%20Battery%20RO%202018%20small.pdf},
    keywords = {Battery capacity, Drone flight schedule, Robust optimization, Uncertainty}
}

@article{Albani2018Dy-namicCoverage,
    title = {{Dy-namic UAV Swarm Deployment for Non-Uniform Coverage}},
    year = {2018},
    journal = {IFAAMAS},
    author = {Albani, Dario and Manoni, Tiziano and Nardi, Daniele and Trianni, Vito},
    volume = {9},
    url = {www.ifaamas.org},
    keywords = {UAV swarms, area coverage, deployment, precision agriculture.}
}

@article{Albani2018Dy-namicCoverageb,
    title = {{Dy-namic UAV Swarm Deployment for Non-Uniform Coverage}},
    year = {2018},
    journal = {IFAAMAS},
    author = {Albani, Dario and Manoni, Tiziano and Nardi, Daniele and Trianni, Vito},
    volume = {9},
    url = {www.ifaamas.org},
    keywords = {UAV swarms, area coverage, deployment, precision agriculture.}
}

@techreport{Murphy1994DynamicLearning,
    title = {{Dynamic Bayesian Networks: Representation, Inference and Learning}},
    year = {1994},
    author = {Murphy, Kevin Patrick},
    url = {https://www.cs.ubc.ca/~murphyk/Thesis/thesis.pdf}
}

@techreport{Murphy1994DynamicLearningb,
    title = {{Dynamic Bayesian Networks: Representation, Inference and Learning}},
    year = {1994},
    author = {Murphy, Kevin Patrick},
    url = {https://www.cs.ubc.ca/~murphyk/Thesis/thesis.pdf}
}

@inproceedings{Brumitt1996DynamicRobots,
    title = {{Dynamic Mission Planning for Multiple Mobile Robots}},
    year = {1996},
    booktitle = {International Conference on Robotics and Automation },
    author = {Brumitt, Barry and Stentz, Anthony},
    month = {4},
    pages = {2396--2401},
    publisher = {IEEE},
    address = {Minneapolis},
    doi = {10.1007/978-1-4615-6325-9{\_}12}
}

@techreport{LenstraECONOMETRICPROBLEMS,
    title = {{ECONOMETRIC INSTITUTE COMPLEXITY OF VEHICLE ROUTING AND SCHEDULING PROBLEMS}},
    author = {Lenstra, J K and Kan, A H G Rinnooy},
    url = {https://tind-customer-agecon.s3.amazonaws.com/1f6b4d71-dbc1-4aa6-b42f-117f273f9ad4?response-content-disposition=inline%3B%20filename%2A%3DUTF-8%27%27erasmus119.pdf&response-content-type=application%2Fpdf&AWSAccessKeyId=AKIAXL7W7Q3XHXDVDQYS&Expires=1563968772&Signature=do5%2F8JSrAnEvUpqMwq1kxAicpM4%3D}
}

@article{IlieEffectivenessMiddleware,
    title = {{Effectiveness of Solving Traveling Salesman Problem Using Ant Colony Optimization on Distributed Multi-Agent Middleware}},
    author = {Ilie, Sorin and B˘ Adic˘, Costin},
    url = {https://pdfs.semanticscholar.org/714f/d27ea11e55c34d9a6a76daf2a3b37fc2da8e.pdf}
}

@article{AltshulerEfficientSwarms,
    title = {{Efficient Cooperative Search of Smart Targets Using UAV Swarms}},
    author = {Altshuler, Yaniv and Yanovsky, Vladimir and Wagner, Israel A and Bruckstein, Alfred M},
    url = {https://pdfs.semanticscholar.org/a729/a9f643ecc00beada7b12e1298d15b96c2626.pdf}
}

@article{KattEfficientPOMDPs,
    title = {{Efficient Exploitation of Factored Domains in Bayesian Reinforcement Learning for POMDPs}},
    author = {Katt, Sammie and Oliehoek, Frans A and Amato, Christopher},
    url = {http://ala2018.it.nuigalway.ie/papers/ALA_2018_paper_49.pdf}
}

@unpublished{Bojarski2016EndCars,
    title = {{End to End Learning for Self-Driving Cars}},
    year = {2016},
    author = {Bojarski, Mariusz and Testa, Davide Del and Dworakowski, Daniel and Firner, Bernhard and Flepp, Beat and Goyal, Prasoon and Jackel, Lawrence D and Monfort, Mathew and Muller, Urs and Zhang, Jiakai and Zhang, Xin and Zhao, Jake and Zieba, Karol},
    url = {https://images.nvidia.com/content/tegra/automotive/images/2016/solutions/pdf/end-to-end-dl-using-px.pdf},
    arxivId = {1604.07316v1}
}

@inproceedings{Morbidi2011EstimationTasks,
    title = {{Estimation and control of UAV swarms for distributed monitoring tasks}},
    year = {2011},
    booktitle = {American Control Conference (ACC), 2011},
    author = {Morbidi, F and Freeman, R A and Lynch, K M},
    isbn = {0743-1619},
    doi = {10.1109/ACC.2011.5991398},
    issn = {0743-1619},
    keywords = {Atmospheric measurements, Estimation, Monitoring, Nickel, PI control, Particle measurements, Symmetric matrices, UAV distributed monitoring task, UAV swarm control, UAV swarm estimation, Vehicles, aerospace robotics, closed loop systems, closed-loop stability, constant-speed unicycle, mobile robots, multi-robot systems, nonlinear control systems, nonlinear gradient descent controller, proportional-integral average consensus estimator, remotely operated vehicles, stability, unmanned aerial vehicle}
}

@article{Bianco2018EvaluatingPipelines,
    title = {{Evaluating the Performance of Structure from Motion Pipelines}},
    year = {2018},
    journal = {Journal of Imaging},
    author = {Bianco, Simone and Ciocca, Gianluigi and Marelli, Davide},
    number = {8},
    month = {8},
    pages = {98},
    volume = {4},
    publisher = {MDPI AG},
    doi = {10.3390/jimaging4080098}
}

@article{Bloembergen2015EvolutionarySurvey,
    title = {{Evolutionary Dynamics of Multi-Agent Learning: A Survey}},
    year = {2015},
    journal = {Journal of Artificial Intelligence Research},
    author = {Bloembergen, Daan and Tuyls, Karl and Hennes, Daniel and Kaisers, Michael},
    pages = {659--697},
    volume = {53},
    url = {http://citeseerx.ist.psu.edu/viewdoc/download;jsessionid=F9771C7B860D0FAAB0F6E7196DED0ABD?doi=10.1.1.737.7351&rep=rep1&type=pdf}
}

@article{Butterworth2018EvolvingNEAT,
    title = {{Evolving Coverage Behaviours For MAVs Using NEAT}},
    year = {2018},
    author = {Butterworth, James and Broecker, Bastian and Tuyls, Karl and Paoletti, Paolo},
    url = {https://www.youtube.com/watch?v=sEs6doz_LYM&t=7s},
    keywords = {NEAT, dynamic coverage, micro-aerial vehicles, neuroevolution}
}

@techreport{StachnissExploringMaps,
    title = {{Exploring Unknown Environments with Mobile Robots using Coverage Maps}},
    author = {Stachniss, Cyrill and Burgard, Wolfram},
    url = {https://www.ijcai.org/Proceedings/03/Papers/162.pdf}
}

@techreport{Vidal2011ExtendingDead-ends,
    title = {{Extending Classical Planning Heuristics to Probabilistic Planning with Dead-Ends. Extending Classical Planning Heuristics to Probabilistic Planning with Dead-ends}},
    year = {2011},
    author = {Vidal, Vincent and Teichteil-K{\"{o}}nigsbuch, Florent and Infantes, Guillaume},
    url = {https://www.researchgate.net/publication/221606143}
}

@techreport{Ghahramani1997FactorialModels,
    title = {{Factorial Hidden Markov Models}},
    year = {1997},
    author = {Ghahramani, Zoubin and Jordan, Michael I},
    pages = {1--31},
    publisher = {Kluwer Academic Publishers},
    url = {http://www.ee.columbia.edu/~sfchang/course/svia-F03/papers/factorial-HMM-97.pdf},
    keywords = {Bayesian net-works, EM algorithm, Hidden Markov models, graphical models, mean neld theory, time series}
}

@techreport{BarryFastUAVs,
    title = {{Fast Onboard Stereo Vision for UAVs}},
    author = {Barry, Andrew J and Oleynikova, Helen and Honegger, Dominik and Pollefeys, Marc and Tedrake, Russ},
    url = {https://www.sensefly.com}
}

@inproceedings{MacK2011FiftyLaw,
    title = {{Fifty years of Moore's law}},
    year = {2011},
    booktitle = {IEEE Transactions on Semiconductor Manufacturing},
    author = {MacK, Chris A.},
    number = {2},
    month = {5},
    pages = {202--207},
    volume = {24},
    doi = {10.1109/TSM.2010.2096437},
    issn = {08946507},
    keywords = {History, Moore's Law, learning curve}
}

@techreport{Andersen2003FilteringNetworks,
    title = {{Filtering in Hybrid Dynamic Bayesian Networks}},
    year = {2003},
    booktitle = {Journal of Machine Learning Research},
    author = {Andersen, Morten Nonboe and Andersen, Rasmus Ørum and Wheeler, Kevin},
    pages = {1--48},
    volume = {1},
    url = {https://ti.arc.nasa.gov/m/pub-archive/655h/0655%20(Anderson).pdf},
    keywords = {Dynamic Bayesian Networks, Extended Kalman Filter, Extended Kalman Particle Filter, Hybrid Bayesian Networks, Particle Filter-ing, Rao-Blackwellisation, Unscented Filter, Unscented Kalman Filter}
}

@article{Reynolds1987FlocksModel,
    title = {{Flocks, Herds, and Schools: A Distributed Behavioral Model}},
    year = {1987},
    journal = {Computer Graphics},
    author = {Reynolds, Craig W},
    number = {4},
    volume = {21},
    url = {http://delivery.acm.org/10.1145/40000/37406/p25-reynolds.pdf?ip=140.203.12.3&id=37406&acc=ACTIVE%20SERVICE&key=846C3111CE4A4710%2E5E11B48930E8A046%2E4D4702B0C3E38B35%2E4D4702B0C3E38B35&__acm__=1532395629_bf4c2a707d946218029e7820156d8fe9},
    keywords = {1210 [Artificial Intelli-gence]: Vision and Scene Understanding, 135 [Computer Graphics]: Computational Geometry and Object Modeling, 137 [Computer Graphics]: Three-Dimensional Graphics and Realism-Animation, 163 [Simulation and Modeling[: Appli-cations General Terms: Algorithms, design Additional Key Words, and Phrases: flock, herd, school, bird, fish, aggregate motion, particle system, actor, flight, behav-ioral animation, constraints, path planning}
}

@techreport{Koller1994FROMBELIEF,
    title = {{FROM KNOWLEDGE TO BELIEF}},
    year = {1994},
    author = {Koller, Daphne},
    url = {http://i.stanford.edu/pub/cstr/reports/cs/tr/94/1527/CS-TR-94-1527.pdf}
}

@article{YamauchiFrontier-BasedRobots,
    title = {{Frontier-Based Exploration Using Multiple Robots}},
    author = {Yamauchi, Brian},
    url = {http://delivery.acm.org/10.1145/290000/280773/p47-yamauchi.pdf?ip=140.203.12.3&id=280773&acc=ACTIVE%20SERVICE&key=846C3111CE4A4710%2E5E11B48930E8A046%2E4D4702B0C3E38B35%2E4D4702B0C3E38B35&__acm__=1527100585_0197624a0bea573125ff84b8a3326793},
    keywords = {11 Keywords Mobile robots, exploration, map-building, multi-agent coordination, multi-robot teams}
}

@book{Rouse2005GamePractice,
    title = {{Game design : theory {\&} practice}},
    year = {2005},
    author = {Rouse, Richard},
    pages = {698},
    publisher = {Wordware Pub},
    isbn = {1556229127}
}

@article{Lewis2002GameEnginesInScientificResearch,
    title = {{GameEnginesInScientificResearch}},
    year = {2002},
    journal = {Communications of the ACM},
    author = {Lewis, Michael and Jacobson, Jeffrey},
    number = {1},
    pages = {27--31},
    volume = {45},
    url = {http://citeseerx.ist.psu.edu/viewdoc/download;jsessionid=57519B93B48335D7F1D9EE613816FFBD?doi=10.1.1.3.6011&rep=rep1&type=pdf}
}

@techreport{KaisersGamesAuctions,
    title = {{Games and Learning in Auctions}},
    author = {Kaisers, Michael},
    url = {https://dke.maastrichtuniversity.nl/f.thuijsman/MSc-Kaisers.pdf}
}

@techreport{KaisersGamesAuctionsb,
    title = {{Games and Learning in Auctions}},
    author = {Kaisers, Michael},
    url = {https://dke.maastrichtuniversity.nl/f.thuijsman/MSc-Kaisers.pdf}
}

@article{Ocallaghan2009Gaussian,
    title = {{Gaussian process occupancy maps *}},
    year = {2009},
    journal = {The International Journal of Robotics Research},
    author = {O'callaghan, Simon T and Ramos, Fabio T},
    number = {1},
    pages = {42--62},
    volume = {31},
    url = {https://journals.sagepub.com/doi/pdf/10.1177/0278364911421039},
    doi = {10.1177/0278364911421039},
    keywords = {Occupancy mapping, non-parametric models, perception}
}

@article{Bodin2017GeneratingUAVs,
    title = {{Generating Plans for Cooperative Connected UAVs}},
    year = {2017},
    author = {Bodin, François and Charrier, Tristan and Queffelec, Arthur and Schwarzentruber, François},
    url = {http://dronestrategy.irisa.fr/},
    keywords = {Agent-based and Multi-agent Systems: Coordination and Cooperation, Agent-based and Multi-agent Systems: Multi-agent Planning, Multi-agent Planning, Planning and Scheduling: Applications of Planning, Planning and Scheduling: Distributed}
}

@techreport{Omeadhra2018GenerativeExploration,
    title = {{Generative Point Cloud Modeling with Gaussian Mixture Models for Multi-Robot Exploration}},
    year = {2018},
    author = {Omeadhra, Cormac and Michael, Nathan and Dubrawski, Artur W and Kaess, Michael and Luo, Wenhao},
    url = {https://www.ri.cmu.edu/wp-content/uploads/2018/08/thesis-1.pdf}
}

@techreport{Omeadhra2018GenerativeExplorationb,
    title = {{Generative Point Cloud Modeling with Gaussian Mixture Models for Multi-Robot Exploration}},
    year = {2018},
    author = {Omeadhra, Cormac and Michael, Nathan and Dubrawski, Artur W and Kaess, Michael and Luo, Wenhao},
    url = {https://www.ri.cmu.edu/wp-content/uploads/2018/08/thesis-1.pdf}
}

@article{Lecun1998Gradient-BasedRecognition,
    title = {{Gradient-Based Learning Applied to Document Recognition}},
    year = {1998},
    journal = {Proceedings of the IEEE},
    author = {Lecun, Yann and Bottou, Eon and Bengio, Yoshua and Haffner, Patrick},
    number = {11},
    pages = {2278--2324},
    volume = {86},
    keywords = {Convolutional neural networks, document recog-nition, finite state transducers, gradient-based learning, graph transformer networks, machine learning, neural networks, optical character recognition (OCR)}
}

@techreport{Jung2000GroundedRobots,
    title = {{Grounded Symbolic Communication between Heterogeneous Cooperating Robots}},
    year = {2000},
    booktitle = {Autonomous Robots},
    author = {Jung, David and Zelinsky, Alexander},
    pages = {269--292},
    volume = {8},
    url = {http://syseng.anu.edu.au/rsl/},
    keywords = {behavior-based, cooperative robotics, heterogeneous systems, learning, mobile robots, representation, symbol grounding, symbolic communication}
}

@techreport{Grabowski2000HeterogeneousExploration,
    title = {{Heterogeneous Teams of Modular Robots for Mapping and Exploration}},
    year = {2000},
    booktitle = {Autonomous Robots},
    author = {Grabowski, Robert and Navarro-Serment, Luis E and Paredis, Christiaan J J and Khosla, Pradeep K},
    pages = {293--308},
    volume = {8},
    url = {https://link.springer.com/content/pdf/10.1023%2FA%3A1008933826411.pdf},
    keywords = {collaborative, distributed, heterogeneous, modular, semi-autonomous}
}

@misc{IEEEPDF:,
    title = {{IEEE Xplore Full-Text PDF:}},
    url = {https://ieeexplore.ieee.org/stamp/stamp.jsp?tp=&arnumber=769419}
}

@article{Shoham2007IfQuestion,
    title = {{If multi-agent learning is the answer, what is the question?}},
    year = {2007},
    journal = {Artificial Intelligence},
    author = {Shoham, Yoav and Powers, Rob and Grenager, Trond},
    pages = {365--377},
    volume = {171},
    url = {www.elsevier.com/locate/artint},
    doi = {10.1016/j.artint.2006.02.006}
}

@article{Shoham2007IfQuestionb,
    title = {{If multi-agent learning is the answer, what is the question?}},
    year = {2007},
    journal = {Artificial Intelligence},
    author = {Shoham, Yoav and Powers, Rob and Grenager, Trond},
    doi = {10.1016/j.artint.2006.02.006},
    issn = {00043702}
}

@article{Shoham2007IfQuestionc,
    title = {{If multi-agent learning is the answer, what is the question?}},
    year = {2007},
    journal = {Artificial Intelligence},
    author = {Shoham, Yoav and Powers, Rob and Grenager, Trond},
    number = {7},
    month = {5},
    pages = {365--377},
    volume = {171},
    url = {https://linkinghub.elsevier.com/retrieve/pii/S0004370207000495},
    doi = {10.1016/j.artint.2006.02.006},
    issn = {00043702}
}

@inproceedings{Krizhevsky2012ImageNetNetworks,
    title = {{ImageNet Classification with Deep Convolutional Neural Networks}},
    year = {2012},
    booktitle = {NIPS'12 Proceedings of the 25th International Conference on Neural Information Processing Systems},
    author = {Krizhevsky, Alex and Sutskever, Ilya and Hinton, Geoffrey E},
    editor = {{F. Pereira} and {C. J. C. Burges} and {L. Bottou} and {K. Q. Weinberger}},
    pages = {1097--1105},
    publisher = {Curran Associates Inc.},
    url = {http://code.google.com/p/cuda-convnet/},
    address = {Nevada},
    doi = {10.1145/3065386}
}

@article{EttienneImplementingApproach,
    title = {{Implementing a Multi-Agent System in Python with an Auction-Based Agreement Approach}},
    author = {Ettienne, Mikko Berggren and Vester, Steen and Villadsen, Jørgen},
    url = {http://steenvester.com/pdf/promas11.pdf}
}

@article{Fax2004InformationFormations,
    title = {{Information Flow and Cooperative Control of Vehicle Formations}},
    year = {2004},
    journal = {IEEE TRANSACTIONS ON AUTOMATIC CONTROL},
    author = {Fax, J Alexander and Murray, Richard M},
    number = {9},
    volume = {49},
    doi = {10.1109/TAC.2004.834433},
    keywords = {Index Terms—Cooperative control, Laplacian, graph theory, multivehicle control, stability}
}

@inproceedings{Khan2014InformationSearch,
    title = {{Information merging in multi-UAV cooperative search}},
    year = {2014},
    booktitle = {Proceedings - IEEE International Conference on Robotics and Automation},
    author = {Khan, Asif and Yanmaz, Evsen and Rinner, Bernhard},
    month = {9},
    pages = {3122--3129},
    publisher = {Institute of Electrical and Electronics Engineers Inc.},
    doi = {10.1109/ICRA.2014.6907308},
    issn = {10504729}
}

@article{Aguero2015InsideResponse,
    title = {{Inside the Virtual Robotics Challenge: Simulating Real-Time Robotic Disaster Response}},
    year = {2015},
    journal = {IEEE Transactions on Automation Science and Engineering},
    author = {Ag{\"{u}}ero, Carlos E. and Koenig, Nate and Chen, Ian and Boyer, Hugo and Peters, Steven and Hsu, John and Gerkey, Brian and Paepcke, Steffi and Rivero, Jose L. and Manzo, Justin and Krotkov, Eric and Pratt, Gill},
    number = {2},
    month = {4},
    pages = {494--506},
    volume = {12},
    publisher = {Institute of Electrical and Electronics Engineers Inc.},
    doi = {10.1109/TASE.2014.2368997},
    issn = {15455955},
    keywords = {Cloud robotics, real-time robot simulation, robotic disaster response}
}

@misc{InstructionDrive,
    title = {{Instruction Manual V2.0.pdf - Google Drive}},
    url = {https://drive.google.com/file/d/11-n2Vjz_xCWoUAU4aPsf9cgDuoKdzhsf/view}
}

@techreport{AndriamahefaIntegerPerception,
    title = {{Integer Occupancy Grids : a probabilistic multi-sensor fusion framework for embedded perception}},
    author = {Andriamahefa, Tiana Rakotovao},
    url = {https://tel.archives-ouvertes.fr/tel-01680375}
}

@article{Brooks1991IntelligenceRepresentation,
    title = {{Intelligence without representation*}},
    year = {1991},
    journal = {Artificial Intelligence},
    author = {Brooks, Rodney A},
    pages = {139--159},
    volume = {47},
    url = {http://citeseerx.ist.psu.edu/viewdoc/download;jsessionid=0E5C8092E4A239BCD31E71AF8185F18D?doi=10.1.1.12.1680&rep=rep1&type=pdf}
}

@article{Kragic2017InteractiveOpportunities,
    title = {{Interactive, Collaborative Robots: Challenges and Opportunities}},
    year = {2017},
    author = {Kragic, Danica and Gustafson, Joakim and Karaoguz, Hakan and Jensfelt, Patric and Krug, Robert},
    url = {https://www.ijcai.org/proceedings/2018/0003.pdf},
    keywords = {Computer Vision: Language and Vision, Robotics: Behavior and Control , Robotics: Robotics, Robotics: Vision and Perception}
}

@article{KimuraInternalShaping,
    title = {{Internal Model from Observations for Reward Shaping}},
    author = {Kimura, Daiki and Chaudhury, Subhajit and Tachibana, Ryuki and Dasgupta, Sakyasingha},
    url = {https://arxiv.org/pdf/1806.01267.pdf},
    arxivId = {arXiv:1806.01267v3},
    keywords = {Expert demon-stration, Inverse Reinforcement Learning, Reward Shaping}
}

@inproceedings{Shannon1998INTRODUCTIONSIMULATION,
    title = {{INTRODUCTION TO THE ART AND SCIENCE OF SIMULATION}},
    year = {1998},
    booktitle = {WSC '98 Proceedings of the 30th conference on Winter simulation},
    author = {Shannon, Robert E},
    pages = {7--14},
    publisher = {IEEE Computer Society Press},
    url = {http://delivery.acm.org/10.1145/300000/293175/p7-shannon.pdf?ip=140.203.12.4&id=293175&acc=ACTIVE%20SERVICE&key=846C3111CE4A4710%2E5E11B48930E8A046%2E4D4702B0C3E38B35%2E4D4702B0C3E38B35&__acm__=1561209838_bffb45d30c45e40cd0b7b3a9ae4a71be},
    address = {California}
}

@article{Yang2017KeepingApproach,
    title = {{Keeping in Touch with Collaborative UAVs: A Deep Reinforcement Learning Approach}},
    year = {2017},
    author = {Yang, Bo and Liu, Min},
    url = {https://www.ijcai.org/proceedings/2018/0078.pdf},
    keywords = {Agent-based and Multi-agent Systems: Agent Communication, Agent-based and Multi-agent Systems: Multi-agent Learning, Machine Learning Applications: Applications of Reinforcement Learning, Machine Learning: Deep Learning}
}

@article{Chai2017LanguageAgents,
    title = {{Language to Action: Towards Interactive Task Learning with Physical Agents}},
    year = {2017},
    author = {Chai, Joyce Y and Gao, Qiaozi and She, Lanbo and Yang, Shaohua and Saba-Sadiya, Sari and Xu, Guangyue},
    url = {https://www.ijcai.org/proceedings/2018/0001.pdf},
    keywords = {Humans and AI: Human-AI Collaboration, Multidisciplinary Topics and Applications: Multidisciplinary Topics and Applications, Natural Language Processing: Natural Language Semantics, Robotics: Human Robot Interaction}
}

@book{Kaisers1985LearningInteractions,
    title = {{Learning against Learning Evolutionary Dynamics of Reinforcement Learning Algorithms in Strategic Interactions}},
    year = {1985},
    author = {Kaisers, Michael},
    url = {http://michaelkaisers.com/publications/2012_PhD_Kaisers.pdf},
    isbn = {9789461693310}
}

@article{ShrivastavaLearningTraining,
    title = {{Learning from Simulated and Unsupervised Images through Adversarial Training}},
    author = {Shrivastava, Ashish and Pfister, Tomas and Tuzel, Oncel and Susskind, Josh and Wang, Wenda and Webb, Russ},
    url = {http://openaccess.thecvf.com/content_cvpr_2017/papers/Shrivastava_Learning_From_Simulated_CVPR_2017_paper.pdf}
}

@techreport{ThrunLearningModels,
    title = {{Learning Occupancy Grids with Forward Models}},
    author = {Thrun, Sebastian},
    url = {http://robots.stanford.edu/papers/thrun.iros01-occmap.pdf}
}

@article{Serrano-CuevasLearningRL,
    title = {{Learning on a Budget Using Distributional RL}},
    author = {Serrano-Cuevas, Jonathan and Nl, Jonathan Serrano@cwi and Morales, Eduardo F and Hernandez-Leal, Pablo and Bloembergen, Daan and Kaisers, Michael},
    url = {http://ala2018.it.nuigalway.ie/papers/ALA_2018_paper_22.pdf},
    keywords = {Distributional RL, budget aware, risk safe}
}

@article{Joho2011LearningEnvironments,
    title = {{Learning search heuristics for finding objects in structured environments}},
    year = {2011},
    journal = {Robotics and Autonomous Systems},
    author = {Joho, Dominik and Senk, Martin and Burgard, Wolfram},
    number = {5},
    month = {5},
    pages = {319--328},
    volume = {59},
    url = {https://linkinghub.elsevier.com/retrieve/pii/S0921889011000327},
    doi = {10.1016/j.robot.2011.02.012},
    issn = {09218890}
}

@article{Joho2011LearningEnvironmentsb,
    title = {{Learning search heuristics for finding objects in structured environments}},
    year = {2011},
    journal = {Robotics and Autonomous Systems},
    author = {Joho, Dominik and Senk, Martin and Burgard, Wolfram},
    number = {5},
    month = {5},
    pages = {319--328},
    volume = {59},
    url = {https://linkinghub.elsevier.com/retrieve/pii/S0921889011000327},
    doi = {10.1016/j.robot.2011.02.012},
    issn = {09218890}
}

@techreport{Kaempfer2018LearningNetworks,
    title = {{Learning the Multiple Traveling Salesmen Problem with Permutation Invariant Pooling Networks}},
    year = {2018},
    author = {Kaempfer, Yoav and Wolf, Lior},
    url = {https://arxiv.org/pdf/1803.09621.pdf},
    arxivId = {1803.09621v2}
}

@article{Chen2017LearningPerception,
    title = {{Learning Transferable UAV for Forest Visual Perception}},
    year = {2017},
    author = {Chen, Lyujie and Wang, Wufan and Zhu, Jihong},
    url = {https://sites.google.com/view/forest-trail-dataset.},
    keywords = {Machine Learning: Deep Learning, Machine Learning: Transfer {\&} Adaptation {\&} Multi-task Learning, Robotics: Learning in Robotics, Robotics: Vision and Perception}
}

@techreport{Chen2017LearningPerceptionb,
    title = {{Learning Transferable UAV for Forest Visual Perception}},
    year = {2017},
    author = {Chen, Lyujie and Wang, Wufan and Zhu, Jihong},
    url = {https://sites.google.com/view/forest-trail-dataset.},
    keywords = {Machine Learning: Deep Learning, Machine Learning: Transfer {\&} Adaptation {\&} Multi-task Learning, Robotics: Learning in Robotics, Robotics: Vision and Perception}
}

@article{LiLearningFollowing,
    title = {{Learning Unmanned Aerial Vehicle Control for Autonomous Target Following}},
    author = {Li, Siyi and Liu, Tianbo and Zhang, Chi and Yeung, Dit-Yan and Shen, Shaojie},
    url = {https://arxiv.org/pdf/1709.08233.pdf},
    arxivId = {arXiv:1709.08233v1}
}

@techreport{GoebelLectureScience,
    title = {{Lecture Notes in Artificial Intelligence 6472 Edited by Subseries of Lecture Notes in Computer Science}},
    author = {Goebel, R and Siekmann, J and Wahlster, W},
    url = {https://link.springer.com/content/pdf/10.1007%2F978-3-642-17319-6.pdf}
}

@techreport{Tallavajhula2018LidarEvaluation,
    title = {{Lidar Simulation for Robotic Application Development: Modeling and Evaluation}},
    year = {2018},
    author = {Tallavajhula, Abhijeet and Kaess, Michael},
    url = {https://www.ri.cmu.edu/wp-content/uploads/2018/01/thesis_upload.pdf}
}

@article{Hutchinson2017LocationResources,
    title = {{Location Awareness in Multi-Agent Control of Distributed Energy Resources}},
    year = {2017},
    author = {Hutchinson, Harriet}
}

@inproceedings{Kurdej2012Map-aidedEnvironment,
    title = {{Map-aided fusion using evidential grids for mobile perception in urban environment}},
    year = {2012},
    booktitle = {Advances in Intelligent and Soft Computing},
    author = {Kurdej, Marek and Moras, Julien and Cherfaoui, Véronique and Bonnifait, Philippe},
    isbn = {9783642294600},
    doi = {10.1007/978-3-642-29461-7{\_}40},
    issn = {18675662}
}

@techreport{Dempster1977MaximumAlgorithm,
    title = {{Maximum Likelihood from Incomplete Data via the EM Algorithm}},
    year = {1977},
    booktitle = {Journal of the Royal Statistical Society. Series B (Methodological)},
    author = {Dempster, A P and Laird, ; N M and Rubin, ; D B},
    number = {1},
    pages = {1--38},
    volume = {39},
    url = {http://web.mit.edu/6.435/www/Dempster77.pdf}
}

@article{Yang2018MeanLearning,
    title = {{Mean Field Multi-Agent Reinforcement Learning}},
    year = {2018},
    author = {Yang, Yaodong and Luo, Rui and Li, Minne and Zhou, Ming and Zhang, Weinan and Wang, Jun},
    url = {https://arxiv.org/pdf/1802.05438.pdf},
    arxivId = {arXiv:1802.05438v4}
}

@article{Birk2006MergingRobots,
    title = {{Merging occupancy grid maps from multiple robots}},
    year = {2006},
    journal = {Proceedings of the IEEE},
    author = {Birk, Andreas and Carpin, Stefano},
    number = {7},
    month = {7},
    pages = {1384--1397},
    volume = {94},
    doi = {10.1109/JPROC.2006.876965},
    issn = {00189219},
    keywords = {Artificial intelligence, Intelligent control, Intelligent robots, Mobile robots, Terrain mapping}
}

@article{Reina2017ModelHoneybees,
    title = {{Model of the best-of-N nest-site selection process in honeybees}},
    year = {2017},
    author = {Reina, Andreagiovanni and Marshall, James A R and Trianni, Vito and Bose, Thomas},
    url = {https://arxiv.org/pdf/1611.07575.pdf},
    arxivId = {arXiv:1611.07575v2}
}

@article{Geffner2017Model-freeIntelligence,
    title = {{Model-free, Model-based, and General Intelligence}},
    year = {2017},
    author = {Geffner, Hector},
    url = {https://www.ijcai.org/proceedings/2018/0002.pdf},
    keywords = {Humans and AI: Cognitive Modeling, Knowledge Representation and Reasoning: Common-Sense Reasoning, Machine Learning: Machine Learning, Planning and Scheduling: Planning Algorithms}
}

@article{Kinny1996ModellingSystems,
    title = {{Modelling and Design of Multi-Agent Systems}},
    year = {1996},
    author = {Kinny, David and Georgee, Michael},
    url = {http://www.upv.es/sma/teoria/metodologias/articulos/technote59.pdf}
}

@article{Kinny1996ModellingSystemsb,
    title = {{Modelling and Design of Multi-Agent Systems}},
    year = {1996},
    author = {Kinny, David and Georgee, Michael},
    url = {http://www.upv.es/sma/teoria/metodologias/articulos/technote59.pdf}
}

@inproceedings{Bonnie2012ModellingFamily,
    title = {{Modelling search with a binary sensor utilizing self-conjugacy of the exponential family}},
    year = {2012},
    booktitle = {Proceedings - IEEE International Conference on Robotics and Automation},
    author = {Bonnie, Devin and Candido, Salvatore and Bretl, Timothy and Hutchinson, Seth},
    pages = {3975--3982},
    publisher = {Institute of Electrical and Electronics Engineers Inc.},
    isbn = {9781467314039},
    doi = {10.1109/ICRA.2012.6224652},
    issn = {10504729}
}

@techreport{SilverMonte-CarloPOMDPs,
    title = {{Monte-Carlo Planning in Large POMDPs}},
    author = {Silver, David and Veness, Joel},
    url = {https://papers.nips.cc/paper/4031-monte-carlo-planning-in-large-pomdps.pdf}
}

@techreport{SilverMonte-CarloPOMDPsb,
    title = {{Monte-Carlo Planning in Large POMDPs}},
    author = {Silver, David and Veness, Joel},
    url = {http://papers.nips.cc/paper/4031-monte-carlo-planning-in-large-pomdps.pdf}
}

@article{AmirMulti-AgentAuction,
    title = {{Multi-Agent Pathfinding as a Combinatorial Auction}},
    author = {Amir, Ofra and Sharon, Guni and Stern, Roni},
    url = {file:///home/david/Downloads/9572-44348-1-PB.pdf},
    keywords = {Multiagent Systems Track}
}

@inproceedings{Chung2008Multi-agentFramework,
    title = {{Multi-agent Probabilistic Search in a Sequential Decision-theoretic Framework}},
    year = {2008},
    booktitle = {2008 IEEE International Conference on Robotics and Automation},
    author = {Chung, Timothy H. and Burdick, Joel W.},
    publisher = {2008 IEEE International Conference on Robotics and Automation},
    url = {https://ieeexplore.ieee.org/stamp/stamp.jsp?tp=&arnumber=4543200},
    address = {Pasadena, CA}
}

@inproceedings{Chung2008Multi-agentFrameworkb,
    title = {{Multi-agent probabilistic search in a sequential decision-theoretic framework}},
    year = {2008},
    booktitle = {Proceedings - IEEE International Conference on Robotics and Automation},
    author = {Chung, Timothy H. and Burdick, Joel W.},
    pages = {146--151},
    isbn = {9781424416479},
    doi = {10.1109/ROBOT.2008.4543200},
    issn = {10504729}
}

@article{HennesMulti-robotUncertainty,
    title = {{Multi-robot collision avoidance with localization uncertainty}},
    author = {Hennes, Daniel and Claes, Daniel and Meeussen, Wim and Tuyls, Karl},
    url = {www.ifaamas.org},
    keywords = {Experimentation Keywords multi-robot systems, I29 [Artificial Intelligence]: Robotics General Terms Algorithms, adaptive monte-carlo localization, optimal reciprocal collision avoidance, robot operating system}
}

@techreport{MitchellMulti-robotCosts,
    title = {{Multi-robot Persistent Coverage with Stochastic Task Costs}},
    author = {Mitchell, Derek and Chakraborty, Nilanjan and Sycara, Katia and Michael, Nathan},
    url = {https://www.ri.cmu.edu/pub_files/2015/9/IROS_15_Variable_Costs.pdf}
}

@inproceedings{Luo2011Multi-robotTeam,
    title = {{Multi-robot search and rescue team}},
    year = {2011},
    booktitle = {9th IEEE International Symposium on Safety, Security, and Rescue Robotics, SSRR 2011},
    author = {Luo, Cai and Espinosa, Andre Possani and Pranantha, Danu and De Gloria, Alessandro},
    isbn = {9781612847696},
    doi = {10.1109/SSRR.2011.6106746},
    issn = {2374-3247},
    keywords = {Air-Ground, Multi-Agent, Robot Team}
}

@article{Robin2016Multi-robotSurvey,
    title = {{Multi-robot target detection and tracking: taxonomy and survey}},
    year = {2016},
    journal = {Autonomous Robots},
    author = {Robin, Cyril and Lacroix, Simon},
    pages = {729--760},
    volume = {40},
    url = {https://link.springer.com/content/pdf/10.1007%2Fs10514-015-9491-7.pdf},
    doi = {10.1007/s10514-015-9491-7},
    keywords = {Multi-robot, Pursuit–Evasion, Target detection, Target tracking, Taxonomy}
}

@inproceedings{PonzoniCarvalhoChanel2013Multi-targetPOMDPs,
    title = {{Multi-target detection and recognition by UAVs using online POMDPs}},
    year = {2013},
    booktitle = {Proceedings of the 27th AAAI Conference on Artificial Intelligence, AAAI 2013},
    author = {Ponzoni Carvalho Chanel, Caroline and Teichteil-K{\"{o}}nigsbuch, Florent and Lesire, Charles},
    url = {https://www.researchgate.net/publication/239708353}
}

@techreport{BellinghamMULTI-TASKUAVS,
    title = {{MULTI-TASK ALLOCATION AND PATH PLANNING FOR COOPERATING UAVS}},
    author = {Bellingham, John and Tillerson, Michael and Richards, Arthur and How, Jonathan P},
    url = {https://pdfs.semanticscholar.org/fb77/a5234d8957e3611e8c4b41e4a6087e742399.pdf}
}

@inproceedings{Wong2005Multi-vehicleTargets,
    title = {{Multi-vehicle Bayesian Search for Multiple Lost Targets}},
    year = {2005},
    booktitle = {IEEE International Conference on Robotics and Automation},
    author = {Wong, El-Mane and Bourgault, Frédéric and Furukawa, Tomonari},
    pages = {3169--3174},
    publisher = {IEEE},
    url = {http://cornell-asl.org/wiki/images/2/24/Wong05multivehicle.pdf},
    address = {Barcelona},
    isbn = {078038914X}
}

@inproceedings{WongMulti-vehicleSources,
    title = {{Multi-vehicle bayesian search for multiple Sources}},
    author = {Wong, El-Mane and Bourgault, Frederic and Furukawa, Tomonari},
    url = {https://ieeexplore.ieee.org/stamp/stamp.jsp?tp=&arnumber=1570598}
}

@techreport{TuylsMultiagentParadigms,
    title = {{Multiagent Learning Paradigms}},
    author = {Tuyls, K and Stone, P},
    url = {http://www.cs.utexas.edu/~pstone/Papers/bib2html-links/LNAI18-Tuyls.pdf}
}

@article{Tuyls2012MultiagentProspects,
    title = {{Multiagent Learning: Basics, Challenges, and Prospects}},
    year = {2012},
    journal = {AI Magazine},
    author = {Tuyls, Karl and Weiss, Gerhard},
    doi = {10.1609/aimag.v33i3.2426},
    issn = {0738-4602}
}

@book{Singh1994MultiagentCommunications,
    title = {{Multiagent systems : a theoretical framework for intentions, know-how, and communications}},
    year = {1994},
    author = {Singh, Munindar P. (Munindar Paul)},
    pages = {168},
    publisher = {Springer-Verlag},
    isbn = {0387580263}
}

@book{WeissMultiagentIntelligence,
    title = {{Multiagent Systems A Modern Approach to Distributed Modern Approach to Artificial Intelligence}},
    author = {Weiss, Gerhard},
    url = {http://uma.ac.ir/files/site1/a_akbari_994c8e8/gerhard_weiss___multiagent_systems___a_modern_approach_to_distributed_artificial_intelligence.pdf}
}

@article{Dix2012MultiagentI,
    title = {{Multiagent Systems I}},
    year = {2012},
    author = {Dix, Jürgen},
    url = {https://multiagentcontest.org/massim-in-teaching/mas-BSc-1-up-SS2012.pdf}
}

@article{Stone2000MultiagentPerspective,
    title = {{Multiagent Systems: A Survey from a Machine Learning Perspective}},
    year = {2000},
    journal = {In Autonomous Robotics},
    author = {Stone, Peter and Veloso, Manuela},
    number = {3},
    volume = {8},
    url = {www.research.att. www.cs.cmu.}
}

@article{ShohamMultiagentFoundations,
    title = {{Multiagent Systems: Algorithmic, Game-Theoretic, and Logical Foundations}},
    author = {Shoham, Yoav and Leyton-Brown, Kevin},
    keywords = {algorithms, auctions, communication, competition, cooperation, distributed problem solving, game theory, learning, logic, mechanism design, social choice}
}

@article{Saeedi2016Multiple-RobotReview,
    title = {{Multiple-Robot Simultaneous Localization and Mapping: A Review}},
    year = {2016},
    journal = {Journal of Field Robotics},
    author = {Saeedi, Sajad and Trentini, Michael and Seto, Mae and Li, Howard},
    number = {1},
    month = {1},
    pages = {3--46},
    volume = {33},
    publisher = {John Wiley and Sons Inc.},
    doi = {10.1002/rob.21620},
    issn = {15564967}
}

@article{MultiPurposeEvents,
    title = {{MultiPurpose UAV for search and rescue operations in mountain avalanche events}},
    url = {http://www.tandfonline.com/doi/pdf/10.1080/19475705.2016.1238852?needAccess=true}
}

@article{Khaleghi2013MultisensorState-of-the-art,
    title = {{Multisensor data fusion: A review of the state-of-the-art}},
    year = {2013},
    journal = {Information Fusion},
    author = {Khaleghi, Bahador and Khamis, Alaa and Karray, Fakhreddine O. and Razavi, Saiedeh N.},
    number = {1},
    pages = {28--44},
    volume = {14},
    publisher = {Elsevier B.V.},
    doi = {10.1016/j.inffus.2011.08.001},
    issn = {15662535},
    keywords = {Fusion methodologies, Multisensor data fusion, Taxonomy}
}

@article{NathanMichaelThesis,
    title = {{NathanMichaelThesis}}
}

@article{Bondi2017NearAirSim,
    title = {{Near Real-Time Detection of Poachers from Drones in AirSim}},
    year = {2017},
    author = {Bondi, Elizabeth and Kapoor, Ashish and Dey, Debadeepta and Piavis, James and Shah, Shital and Hannaford, Robert and Iyer, Arvind and Joppa, Lucas and Tambe, Milind},
    url = {https://www.ijcai.org/proceedings/2018/0847.pdf},
    keywords = {Multidisciplinary Topics and Applications: Computational Sustainability, Robotics and Vision: Vision and Perception}
}

@article{Kraus1997NegotiationEnvironments,
    title = {{Negotiation and cooperation in multi-agent environments}},
    year = {1997},
    journal = {Artificial Intelligence},
    author = {Kraus, Sarit},
    number = {1-2},
    month = {7},
    pages = {79--97},
    volume = {94},
    publisher = {Elsevier BV},
    doi = {10.1016/s0004-3702(97)00025-8},
    issn = {00043702}
}

@article{Torasso2015NumericalWorld,
    title = {{Numerical and temporal planning for a multi-agent team acting in the real world}},
    year = {2015},
    author = {Torasso, Pietro and Luca Pozzato, Gian and Dell, Davide},
    url = {http://www.davidedellanna.com/docs/MSc_Thesis_DellAnna.pdf}
}

@article{DellannaNumericalWorld,
    title = {{Numerical and temporal planning for a multi-agent team acting in the real world}},
    author = {Dell 'anna, Davide},
    url = {https://pdfs.semanticscholar.org/0474/5093d8b52101a263616288df4400a7cb21fb.pdf}
}

@article{YanNumericalMethodsInSearchPathPlanning,
    title = {{NumericalMethodsInSearchPathPlanning}},
    author = {Yan, I and Blankenship, G.L}
}

@article{Deloach2010O-MaSE:Systems,
    title = {{O-MaSE: a customisable approach to designing and building complex, adaptive multi-agent systems: a customisable approach to designing and building complex, adaptive multi-agent systems}},
    year = {2010},
    journal = {Int. J. Agent-Oriented Software Engineering},
    author = {Deloach, Scott A and Garc{\'{i}}a-Ojeda, Juan Carlos},
    number = {3},
    pages = {244--280},
    volume = {4},
    url = {http://citeseerx.ist.psu.edu/viewdoc/download?doi=10.1.1.460.7287&rep=rep1&type=pdf},
    keywords = {agent-oriented methodology, integrated development environments, method engineering, software analysis, software design}
}

@article{Hornung2013OctoMap:Octrees,
    title = {{OctoMap: An Efficient Probabilistic 3D Mapping Framework Based on Octrees}},
    year = {2013},
    journal = {Autonomous Robots},
    author = {Hornung, Armin and Wurm, Kai M and Bennewitz, Maren and Stachniss, Cyrill and Burgard, Wolfram},
    url = {http://octomap.github.com.},
    doi = {10.1007/s10514-012-9321-0},
    keywords = {3D {\textperiodcentered}, Mapping {\textperiodcentered}, Navigation, Probabilistic {\textperiodcentered}}
}

@article{Jensen2018OnlineComparisons,
    title = {{Online Multi-Robot Coverage: Algorithm Comparisons}},
    year = {2018},
    author = {Jensen, Elizabeth A and Gini, Maria},
    url = {www.ifaamas.org},
    keywords = {distributed systems, multi-robot systems, online coverage}
}

@techreport{Ross2008OnlineChaib-draa,
    title = {{Online Planning Algorithms for POMDPs Brahim Chaib-draa}},
    year = {2008},
    booktitle = {Journal of Artificial Intelligence Research},
    author = {Ross, Stéphane and Pineau, Joelle and Paquet, Sébastien},
    pages = {663--704},
    volume = {32},
    url = {https://www.aaai.org/Papers/JAIR/Vol32/JAIR-3217.pdf}
}

@techreport{Ross2008OnlineChaib-draab,
    title = {{Online Planning Algorithms for POMDPs Brahim Chaib-draa}},
    year = {2008},
    booktitle = {Journal of Artificial Intelligence Research},
    author = {Ross, Stéphane and Pineau, Joelle and Paquet, Sébastien},
    pages = {663--704},
    volume = {32},
    url = {https://www.aaai.org/Papers/JAIR/Vol32/JAIR-3217.pdf}
}

@techreport{Ross2008OnlineChaib-draac,
    title = {{Online Planning Algorithms for POMDPs Brahim Chaib-draa}},
    year = {2008},
    booktitle = {Journal of Artificial Intelligence Research},
    author = {Ross, Stéphane and Pineau, Joelle and Paquet, Sébastien},
    pages = {663--704},
    volume = {32},
    url = {https://www.aaai.org/Papers/JAIR/Vol32/JAIR-3217.pdf}
}

@inproceedings{Choi2016OpenMaking,
    title = {{Open source computer-vision based guidance system for UAVs on-board decision making}},
    year = {2016},
    booktitle = {IEEE Aerospace Conference Proceedings},
    author = {Choi, Hyunwoong and Geeves, Mitchell and Alsalam, Bilal and Gonzalez, Felipe},
    isbn = {9781467376761},
    doi = {10.1109/AERO.2016.7500600},
    issn = {1095323X},
    keywords = {Airborne Vision System, Remote Piloted Aircraft Systems}
}

@article{Kriheli2016OptimalInspections,
    title = {{Optimal Search for Hidden Targets by Unmanned Aerial Vehicles under Imperfect Inspections}},
    year = {2016},
    journal = {American Journal of Operations Research},
    author = {Kriheli, Boris and Levner, Eugene and Spivak, Alexander},
    pages = {153--166},
    volume = {6},
    url = {http://www.scirp.org/journal/ajorhttp://dx.doi.org/10.4236/ajor.2016.62018http://dx.doi.org/10.4236/ajor.2016.62018http://creativecommons.org/licenses/by/4.0/},
    doi = {10.4236/ajor.2016.62018},
    keywords = {Discrete Search, Greedy Algorithm, Imperfect Inspection, Search and Detection}
}

@article{Stone1980OptimalTargets,
    title = {{Optimal search for moving targets}},
    year = {1980},
    journal = {Advances in Applied Probability},
    author = {Stone, Lawrence D.},
    number = {2},
    month = {6},
    pages = {279--280},
    volume = {12},
    publisher = {Cambridge University Press (CUP)},
    doi = {10.2307/1426550},
    issn = {0001-8678}
}

@techreport{LauOptimalEnvironment,
    title = {{Optimal Search for Multiple Targets in a Built Environment}},
    author = {Lau, Haye and Huang, Shoudong and Dissanayake, Gamini},
    url = {http://citeseerx.ist.psu.edu/viewdoc/download?doi=10.1.1.149.7295&rep=rep1&type=pdf},
    keywords = {Index Terms-Multiple targets, dynamic programming, probability distribution, target search, topological map}
}

@phdthesis{Lau2007OptimalEnvironments,
    title = {{Optimal Search in Structured Environments}},
    year = {2007},
    author = {Lau, Haye},
    school = {The University of Technology, Sydney}
}

@article{Assaf1985OptimalApproach,
    title = {{Optimal Sequential Search: A Bayesian Approach}},
    year = {1985},
    journal = {The Annals of Statistics},
    author = {Assaf, David and Zamir, Shmuel},
    number = {3},
    pages = {1213--1221},
    volume = {13},
    url = {https://www.jstor.org/stable/pdf/2241134.pdf?refreqid=excelsior%3A8256ca59f9908e05769b5ce5ed84229d}
}

@article{Chew1973OptimalProblem,
    title = {{Optimal Stopping in a Discrete Search Problem}},
    year = {1973},
    journal = {Operations Research},
    author = {Chew, Milton C},
    number = {3},
    pages = {741--747},
    volume = {21},
    url = {https://www.jstor.org/stable/pdf/169382.pdf?refreqid=excelsior%3A4d3563fc437634b5c56651be85fb9131},
    isbn = {201918:09:52}
}

@article{Ryoo2008OptimizationCUDA,
    title = {{Optimization Principles and Application Performance Evaluation of a Multithreaded GPU Using CUDA}},
    year = {2008},
    journal = {Proceedings of the 13th ACM SIGPLAN Symposium on Principles and Practice of Parallel Programming},
    author = {Ryoo, Shane and Rodrigues, Christopher I and Baghsorkhi, Sara S and Stone, Sam S and Kirk, David B and Hwu, Wen-Mei W},
    url = {http://doi.acm.org/10.1145/1345206.1345220},
    isbn = {9781595939609},
    doi = {10.1145/1345206.1345220},
    keywords = {D13 [Software]: Program-ming Techniques-Concurrent Programming General Terms Design, GPU computing, Languages Keywords parallel computing, Performance}
}

@article{Wald1948OptimumTest,
    title = {{Optimum Character of the Sequential Probability Ratio Test}},
    year = {1948},
    journal = {Annals of Mathematical Statistics},
    author = {Wald, Abraham and Wolfowitz, Jacob},
    number = {3},
    pages = {326--339},
    volume = {19},
    url = {https://projecteuclid.org/download/pdf_1/euclid.aoms/1177730197}
}

@article{Fraigniaud2019ParallelCoordination,
    title = {{Parallel Bayesian Search with No Coordination}},
    year = {2019},
    journal = {Journal of the ACM},
    author = {Fraigniaud, Pierre and Korman, Amos and Diderot YOAV RODEH, Paris and Korman, A},
    number = {3},
    volume = {66},
    url = {https://doi.org/10.1145/3304111},
    doi = {10.1145/3304111}
}

@techreport{MuralidharanPathSuccess,
    title = {{Path Planning for Minimizing the Expected Cost until Success}},
    author = {Muralidharan, Arjun and Mostofi, Yasamin},
    url = {http://www.noto.design/.},
    arxivId = {1802.00898v2}
}

@article{UrbanPECSAgents,
    title = {{PECS A Reference Model for Human-Like Agents}},
    author = {Urban, Christoph},
    url = {http://citeseerx.ist.psu.edu/viewdoc/download?doi=10.1.1.194.3273&rep=rep1&type=pdf},
    keywords = {agent architectures, agent-based simulation, autonomous human-like agents}
}

@article{Lian2006PerformanceSystem,
    title = {{Performance prediction of an unmanned airborne vehicle multi-agent system}},
    year = {2006},
    journal = {European Journal of Operational Research},
    author = {Lian, Zhaotong and Deshmukh, Abhijit},
    doi = {10.1016/j.ejor.2004.10.015},
    issn = {03772217},
    keywords = {Markov decision processes, Multi-agent systems, Sample path, UAV}
}

@techreport{Spaan2005Perseus:POMDPs,
    title = {{Perseus: Randomized Point-based Value Iteration for POMDPs}},
    year = {2005},
    booktitle = {Journal of Artificial Intelligence Research},
    author = {Spaan, Matthijs T J and Vlassis, Nikos},
    pages = {195--220},
    volume = {24},
    url = {https://arxiv.org/pdf/1109.2145.pdf}
}

@techreport{SnavelyPhoto3D,
    title = {{Photo Tourism: Exploring Photo Collections in 3D}},
    author = {Snavely, Noah and Seitz, Steven M and Szeliski, Richard and Research, Microsoft},
    url = {www.cc.gatech.edu/4d-cities},
    keywords = {CR Categories: H51 [Information Interfaces and Presentation]: Multimedia Information Systems-Artificial, and vir-tual realities I210 [Artificial Intelligence]: Vision and Scene Understanding-Modeling and recovery of physical attributes Keywords: image-based rendering, augmented, image-based modeling, photo browsing, structure from motion}
}

@article{PackKaelbling1998PlanningDomains,
    title = {{Planning and acting in partially observable stochastic domains}},
    year = {1998},
    journal = {Artificial Intelligence},
    author = {Pack Kaelbling, Leslie and Littman, Michael L and Cassandra, Anthony R},
    pages = {99--134},
    volume = {101},
    url = {https://people.csail.mit.edu/lpk/papers/aij98-pomdp.pdf}
}

@inproceedings{Mnih2013PlayingLearning,
    title = {{Playing Atari with Deep Reinforcement Learning}},
    year = {2013},
    booktitle = {NIPS Deep Learning Workshop},
    author = {Mnih, Volodymyr and Kavukcuoglu, Koray and Silver, David and Graves, Alex and Antonoglou, Ioannis and Wierstra, Daan and Riedmiller, Martin},
    url = {https://www.cs.toronto.edu/~vmnih/docs/dqn.pdf}
}

@techreport{JiPoint-BasedIteration,
    title = {{Point-Based Policy Iteration}},
    author = {Ji, Shihao and Parr, Ronald and Li, Hui and Liao, Xuejun and Carin, Lawrence},
    url = {www.aaai.org}
}

@techreport{SmithPoint-BasedImplementation,
    title = {{Point-Based POMDP Algorithms: Improved Analysis and Implementation}},
    author = {Smith, Trey and Simmons, Reid},
    url = {https://arxiv.org/ftp/arxiv/papers/1207/1207.1412.pdf}
}

@techreport{PineauPoint-basedPOMDPs,
    title = {{Point-based value iteration: An anytime algorithm for POMDPs}},
    author = {Pineau, Joelle and Gordon, Geoff and Thrun, Sebastian},
    url = {http://www.cs.cmu.edu/~ggordon/jpineau-ggordon-thrun.ijcai03.pdf}
}

@techreport{PineauPoint-basedPOMDPsb,
    title = {{Point-based value iteration: An anytime algorithm for POMDPs}},
    author = {Pineau, Joelle and Gordon, Geoff and Thrun, Sebastian},
    url = {https://www.ri.cmu.edu/pub_files/pub4/pineau_joelle_2003_3/pineau_joelle_2003_3.pdf}
}

@article{Arora1998PolynomialProblems,
    title = {{Polynomial Time Approximation Schemes for Euclidean Traveling Salesman and other Geometric Problems}},
    year = {1998},
    journal = {Journal of the ACM},
    author = {Arora, Sanjeev},
    number = {5},
    pages = {753--782},
    volume = {45},
    url = {https://www.cc.gatech.edu/~mihail/D.7520reading/7520-TSP-PTAS.pdf}
}

@article{CarvalhoChanel2012POMDP-basedUAVs,
    title = {{POMDP-based online target detection and recognition for autonomous UAVs}},
    year = {2012},
    journal = {Proceedings of the Twenty-Fifth AAAI Conference on Artificial Intelligence},
    author = {Carvalho Chanel, Caroline and Teichteil-K{\"{o}}nigsbuch, F and Lesire, C and Carvalho Chanel, Caroline P and Teichteil-K{\"{o}}nigsbuch, Florent and Lesire, Charles},
    url = {https://hal-onera.archives-ouvertes.fr/hal-01060444},
    doi = {10.3233/978-1-61499-098-7-955},
    keywords = {()}
}

@techreport{OngPOMDPsObservability,
    title = {{POMDPs for Robotic Tasks with Mixed Observability}},
    author = {Ong, Sylvie C W and Wei, Shao and David, Png and Wee, Hsu and Lee, Sun},
    url = {http://www.roboticsproceedings.org/rss05/p26.pdf}
}

@techreport{Egorov2017POMDPs.jl:Uncertainty,
    title = {{POMDPs.jl: A Framework for Sequential Decision Making under Uncertainty}},
    year = {2017},
    booktitle = {Journal of Machine Learning Research},
    author = {Egorov, Maxim and Sunberg, Zachary N and Balaban, Edward and Wheeler, Tim A and Gupta, Jayesh K and Kochenderfer, Mykel J},
    pages = {1--5},
    volume = {18},
    url = {http://jmlr.org/papers/v18/16-300.html.},
    keywords = {Julia, MDP, POMDP, open-source, sequential decision making}
}

@article{BlellochPrefixApplications,
    title = {{Prefix Sums and Their Applications}},
    author = {Blelloch, Guy E},
    url = {https://www.cs.cmu.edu/~guyb/papers/Ble93.pdf}
}

@article{Vidal2002ProbabilisticEvaluation,
    title = {{Probabilistic pursuit-evasion games: Theory, implementation, and experimental evaluation}},
    year = {2002},
    journal = {IEEE Transactions on Robotics and Automation},
    author = {Vidal, René and Shakernia, Omid and Kim, H. Jin and Shim, David Hyunchul and Sastry, Shankar},
    doi = {10.1109/TRA.2002.804040},
    issn = {1042296X},
    keywords = {Autonomous vehicles, Multiagent coordination and control, Multirobot systems, Pursuit-evasion games}
}

@article{LukasiewiczProbabilisticReasoning,
    title = {{Probabilistic Reasoning}},
    author = {Lukasiewicz, Thomas},
    url = {http://www.cs.ox.ac.uk/people/thomas.lukasiewicz/sli-kr16a.pdf}
}

@techreport{SimmonsProbabilisticEnvironments,
    title = {{Probabilistic Robot Navigation in Partially Observable Environments}},
    author = {Simmons, Reid and Koenig, Sven},
    url = {https://pdfs.semanticscholar.org/8e58/4104989bd56578f178d3668805dd21a0985c.pdf}
}

@inproceedings{Chung2009ProbabilisticAgents,
    title = {{Probabilistic search optimization and mission assignment for heterogeneous autonomous agents}},
    year = {2009},
    booktitle = {Proceedings - IEEE International Conference on Robotics and Automation},
    author = {Chung, Timothy H. and Kress, Moshe and Royset, Johannes O.},
    pages = {939--945},
    publisher = {IEEE},
    address = {Kobe},
    isbn = {9781424427895},
    doi = {10.1109/ROBOT.2009.5152215}
}

@inproceedings{Waharte2010ProbabilisticUAVs,
    title = {{Probabilistic Search with Agile UAVs}},
    year = {2010},
    booktitle = {IEEE International Conference on Robotics and Automation},
    author = {Waharte, Sonia and Symington, Andrew and Trigoni, Niki},
    pages = {2840--2845},
    url = {https://www.cs.ox.ac.uk/files/3061/prob_search.pdf},
    keywords = {Index Terms— Unmanned aerial vehicle, exploration, search, target}
}

@inproceedings{Symington2010ProbabilisticUAVs,
    title = {{Probabilistic target detection by camera-equipped UAVs}},
    year = {2010},
    booktitle = {Proceedings - IEEE International Conference on Robotics and Automation},
    author = {Symington, Andrew and Waharte, Sonia and Julier, Simon and Trigoni, Niki},
    isbn = {9781424450381},
    doi = {10.1109/ROBOT.2010.5509355},
    issn = {10504729},
    keywords = {Sensing, Target detection, UAV, Vision}
}

@article{Dastani2018ProgrammingSystems,
    title = {{Programming multi-agent systems}},
    year = {2018},
    author = {Dastani, Mehdi},
    url = {https://www.cambridge.org/core/services/aop-cambridge-core/content/view/10A3775C9B8ADD6E391BAAC96D2F9579/S0269888915000077a.pdf/programming_multiagent_systems.pdf},
    doi = {10.1017/S0269888915000077}
}

@book{BordiniProgrammingJason,
    title = {{Programming Multi-Agent Systems in AgentSpeak using Jason}},
    author = {Bordini, Rafael and Hubner, Jomi Fred and Michael, Wooldridge},
    url = {http://home.mit.bme.hu/~eredics/AgentGame/Jason/Jason_konyv.pdf}
}

@techreport{BarryPushbroomEnvironments,
    title = {{Pushbroom Stereo for High-Speed Navigation in Cluttered Environments}},
    author = {Barry, Andrew J and Tedrake, Russ},
    url = {http://www.primesense.com/}
}

@article{Murray2007RecentSystems,
    title = {{Recent Research in Cooperative Control of Multivehicle Systems}},
    year = {2007},
    journal = {Journal of Dynamic Systems, Measurement, and Control},
    author = {Murray, Richard M.},
    isbn = {0022-0434},
    doi = {10.1115/1.2766721},
    issn = {00220434},
    pmid = {18825524},
    arxivId = {arXiv:1208.5721}
}

@inproceedings{Furukawa2006RecursiveTargets,
    title = {{Recursive Bayesian search-and-tracking using coordinated UAVs for lost targets}},
    year = {2006},
    booktitle = {Proceedings - IEEE International Conference on Robotics and Automation},
    author = {Furukawa, Tomonari and Bourgault, Frederic and Lavis, Benjamin and Durrant-Whyte, Hugh F.},
    pages = {2521--2526},
    volume = {2006},
    isbn = {0780395069},
    doi = {10.1109/ROBOT.2006.1642081},
    issn = {10504729}
}

@inproceedings{Furukawa2006RecursiveTargetsb,
    title = {{Recursive Bayesian search-and-tracking using coordinated UAVs for lost targets}},
    year = {2006},
    booktitle = {Proceedings - IEEE International Conference on Robotics and Automation},
    author = {Furukawa, Tomonari and Bourgault, Frederic and Lavis, Benjamin and Durrant-Whyte, Hugh F.},
    pages = {2521--2526},
    volume = {2006},
    isbn = {0780395069},
    doi = {10.1109/ROBOT.2006.1642081},
    issn = {10504729}
}

@techreport{Li2019REINFORCEMENTAPPLICATIONS,
    title = {{REINFORCEMENT LEARNING APPLICATIONS}},
    year = {2019},
    author = {Li, Yuxi},
    url = {https://arxiv.org/pdf/1908.06973.pdf},
    arxivId = {1908.06973v1}
}

@article{Littman2015ReinforcementFeedback,
    title = {{Reinforcement learning improves behaviour from evaluative feedback}},
    year = {2015},
    journal = {Nature},
    author = {Littman, Michael L},
    url = {https://www.nature.com/articles/nature14540.pdf},
    doi = {10.1038/nature14540}
}

@article{Matar1997ReinforcementDomain,
    title = {{Reinforcement Learning in the Multi-Robot Domain}},
    year = {1997},
    journal = {Autonomous Robots},
    author = {Matar, Maja J},
    pages = {73--83},
    volume = {4},
    url = {https://link.springer.com/content/pdf/10.1023%2FA%3A1008819414322.pdf},
    keywords = {group behavior, multi-agent systems, reinforcement learning, robot learning, robotics}
}

@article{Caceres-Cruz2014RichProblem,
    title = {{Rich vehicle routing problem}},
    year = {2014},
    journal = {Survey. ACM Comput. Surv},
    author = {Caceres-Cruz, Jose and Arias, Pol and Riera, Daniel and Juan, Angel A and Guimarans, Daniel and Riera, Daniel and Juan, Angel},
    number = {2},
    volume = {47},
    url = {http://dx.doi.org/10.1145/2666003},
    doi = {10.1145/2666003}
}

@article{SadeghiRL:World,
    title = {{RL: Real Single-Image Flight Without a Single Real Image Training entirely in simulation Test in real world}},
    author = {Sadeghi, Fereshteh and Levine, Sergey},
    url = {https://arxiv.org/pdf/1611.04201.pdf}
}

@article{SadeghiRL:Worldb,
    title = {{RL: Real Single-Image Flight Without a Single Real Image Training entirely in simulation Test in real world}},
    author = {Sadeghi, Fereshteh and Levine, Sergey},
    url = {https://arxiv.org/pdf/1611.04201.pdf}
}

@article{Vilches2018RobotGazebo,
    title = {{robot gym: accelerated robot training through simulation in the cloud with ROS and Gazebo}},
    year = {2018},
    journal = {ArXiv},
    author = {Vilches, Víctor Mayoral and Cordero, Alejandro Hernández and Calvo, Bilbao and Ugarte, Irati Zamalloa and Kojcev, Risto and Robotics, Erle and Vitoria-Gasteiz, S L and Spain, Alava},
    url = {https://arxiv.org/pdf/1808.10369.pdf},
    arxivId = {1808.10369v1},
    keywords = {Cloud computing, Gazebo, Policy Optimization, Reinforcement Learning, Robot Operating System, Simulation}
}

@techreport{Ellis2018RobustVehicles,
    title = {{Robust and Ecient State Estimation for Micro Aerial Vehicles}},
    year = {2018},
    author = {Ellis, Logan Michael and Michael, Nathan and Red, William " and Whittaker, " and Westman, Eric},
    url = {https://www.ri.cmu.edu/wp-content/uploads/2018/08/logane_thesis_final.pdf}
}

@inproceedings{Bagherzadeh2017ROCSAFE:Incidents,
    title = {{ROCSAFE: Remote Forensics for High Risk Incidents}},
    year = {2017},
    booktitle = {IJCAI},
    author = {Bagherzadeh, Nazli and Madden, Michael and Drury, Brett and Madden, Michael G},
    url = {https://www.researchgate.net/publication/319443338},
    address = {Melbourne}
}

@article{Furrer2016RotorSAFramework,
    title = {{RotorS—A modular gazebo MAV simulator framework}},
    year = {2016},
    journal = {Robot Operating System (ROS): The Complete Reference (Volume 1)},
    author = {Furrer, Fadri and Burri, Michael and Achtelik, Markus and Siegwart, Roland},
    month = {2},
    pages = {595--625},
    volume = {625},
    publisher = {Springer International Publishing},
    doi = {10.1007/978-3-319-26054-9{\_}23},
    keywords = {Benchmarking, Gazebo, Micro aerial vehicles, ROS}
}

@article{Royset2010RouteSearchers,
    title = {{Route Optimization for Multiple Searchers}},
    year = {2010},
    journal = {† Naval Research Logistics},
    author = {Royset, Johannes O and Sato, Hiroyuki},
    pages = {701--717},
    volume = {57},
    url = {https://onlinelibrary.wiley.com/doi/pdf/10.1002/nav.20432},
    doi = {10.1002/nav.20432},
    keywords = {military operations research, mixed-integer nonlinear programing, route planning, search and surveillance}
}

@article{Ulmer2017Route-BasedProject,
    title = {{Route-Based Markov Decision Processes for Dynamic Vehicle Routing Problems SocialCars: Cooperative (De-)Centralized Traffic Management View project Stochastic Orienteering on a Network of Queues with Time Windows View project}},
    year = {2017},
    author = {Ulmer, Marlin and Goodson, Justin C and Mattfeld, Dirk and Thomas, Barrett W},
    url = {https://www.researchgate.net/publication/313421699}
}

@techreport{HollingerSampling-basedGathering,
    title = {{Sampling-based Motion Planning for Robotic Information Gathering}},
    author = {Hollinger, Geoffrey A and Sukhatme, Gaurav S},
    url = {http://roboticsproceedings.org/rss09/p51.pdf}
}

@inproceedings{Rodriguez2014SARL:Language,
    title = {{SARL: A general-purpose agent-oriented programming language}},
    year = {2014},
    booktitle = {Proceedings - 2014 IEEE/WIC/ACM International Joint Conference on Web Intelligence and Intelligent Agent Technology - Workshops, WI-IAT 2014},
    author = {Rodriguez, Sebastian and Gaud, Nicolas and Galland, Stéphane},
    isbn = {9781479941438},
    doi = {10.1109/WI-IAT.2014.156}
}

@inproceedings{Rodriguez2014SARL:Languageb,
    title = {{SARL: A general-purpose agent-oriented programming language}},
    year = {2014},
    booktitle = {Proceedings - 2014 IEEE/WIC/ACM International Joint Conference on Web Intelligence and Intelligent Agent Technology - Workshops, WI-IAT 2014},
    author = {Rodriguez, Sebastian and Gaud, Nicolas and Galland, Stéphane},
    isbn = {9781479941438},
    doi = {10.1109/WI-IAT.2014.156}
}

@article{Abi-Zeid2005SARPlan:Operations,
    title = {{SARPlan: A decision support system for Canadian search and rescue operations}},
    year = {2005},
    journal = {European Journal of Operational Research},
    author = {Abi-Zeid, Irène and Frost, John R.},
    doi = {10.1016/j.ejor.2003.10.029},
    issn = {03772217},
    keywords = {Constraints satisfaction, Decision support systems, Global optimization, Search and Rescue, Search theory}
}

@techreport{KurniawatiSARSOP:Spaces,
    title = {{SARSOP: Efficient Point-Based POMDP Planning by Approximating Optimally Reachable Belief Spaces}},
    author = {Kurniawati, Hanna and Wee, David Hsu and Lee, Sun},
    url = {http://motion.comp.nus.edu.sg/}
}

@article{Amato2014ScalableVersion,
    title = {{Scalable Planning and Learning for Multiagent POMDPs: Extended Version}},
    year = {2014},
    author = {Amato, Christopher and Oliehoek, Frans A.},
    month = {4},
    url = {http://arxiv.org/abs/1404.1140},
    arxivId = {1404.1140}
}

@article{Track2018SchedulingConstraints,
    title = {{Scheduling Spare Drones for Persistent Task Performance under Energy Constraints}},
    year = {2018},
    journal = {IFAAMAS},
    author = {Track, Robotics and Hartuv, Erez and Agmon, Noa and Kraus, Sarit},
    volume = {9},
    url = {www.ifaamas.org},
    keywords = {Multi-Robot Systems, Multiagent Scheduling, Task Allocation}
}

@article{Track2018SchedulingConstraintsb,
    title = {{Scheduling Spare Drones for Persistent Task Performance under Energy Constraints}},
    year = {2018},
    journal = {IFAAMAS},
    author = {Track, Robotics and Hartuv, Erez and Agmon, Noa and Kraus, Sarit},
    volume = {9},
    url = {www.ifaamas.org},
    keywords = {Multi-Robot Systems, Multiagent Scheduling, Task Allocation}
}

@article{Behnck2015ScienceDirectPlanning,
    title = {{ScienceDirect ScienceDirect A Modified Simulated Annealing Algorithm for SUAVs Path Planning}},
    year = {2015},
    journal = {IFAC-PapersOnLine},
    author = {Behnck, Lucas P and Doering, Dionisio and Pereira, Carlos Eduardo and Rettberg, Achim},
    pages = {63--68},
    volume = {48},
    url = {www.sciencedirect.com},
    doi = {10.1016/j.ifacol.2015.08.109},
    keywords = {Path planning, Simulated Annealing, Unmanned Aerial Vehicle}
}

@techreport{PollockSearchInterfaces,
    title = {{Search Detection and Subsequent Action: Some Problems on the Interfaces}},
    booktitle = {Operations Research},
    author = {Pollock, Stephen M},
    number = {3},
    pages = {559--586},
    volume = {19},
    url = {https://www.jstor.org/stable/pdf/168893.pdf?refreqid=excelsior%3A34f82cde31dca47dac243df817929069}
}

@article{Sujit2004SearchConstraints,
    title = {{Search using multiple UAVS with flight time constraints}},
    year = {2004},
    journal = {IEEE Transactions on Aerospace and Electronic Systems},
    author = {Sujit, P. B. and Ghose, D.},
    number = {2},
    month = {4},
    pages = {491--509},
    volume = {40},
    doi = {10.1109/TAES.2004.1310000},
    issn = {00189251}
}

@article{Felner2017Search-BasedChallenges,
    title = {{Search-Based Optimal Solvers for the Multi-Agent Pathfinding Problem: Summary and Challenges}},
    year = {2017},
    author = {Felner, Ariel and Solomon, Roni Stern and Shimony, Eyal and Boyarski, Israel Eli and Goldenberg, Israel Meir and Sharon, Guni and Sturtevant, Nathan and Wagner, Glenn and Surynek, Pavel},
    url = {https://pdfs.semanticscholar.org/1278/b952ff0a96948ccd5a6df6e84ea7afdde5a7.pdf},
    keywords = {Long Papers}
}

@article{Wald1945SequentialHypotheses,
    title = {{Sequential Tests of Statistical Hypotheses}},
    year = {1945},
    journal = {The Annals of Mathematical Statistics},
    author = {Wald, Abraham},
    number = {2},
    pages = {117--186},
    volume = {16}
}

@inproceedings{Sobke2016SeriousEngines,
    title = {{Serious games architectures and engines}},
    year = {2016},
    booktitle = {Lecture Notes in Computer Science (including subseries Lecture Notes in Artificial Intelligence and Lecture Notes in Bioinformatics)},
    author = {S{\"{o}}bke, Heinrich and Streicher, Alexander},
    pages = {148--173},
    volume = {9970 LNCS},
    publisher = {Springer Verlag},
    isbn = {9783319461519},
    doi = {10.1007/978-3-319-46152-6{\_}7},
    issn = {16113349},
    keywords = {Distributed architecture, Game component, Game engine, Schema, Serious game development, Serious games architecture}
}

@article{Muller2018Sim4CV:Applications,
    title = {{Sim4CV: A Photo-Realistic Simulator for Computer Vision Applications}},
    year = {2018},
    journal = {International Journal of Computer Vision},
    author = {M{\"{u}}ller, Matthias and Casser, Vincent and Lahoud, Jean and Smith, · Neil and Ghanem, · Bernard},
    pages = {902--919},
    volume = {126},
    url = {https://doi.org/10.1007/s11263-018-1073-7},
    doi = {10.1007/s11263-018-1073-7}
}

@article{RichardBartlesonJr2003SIMPLEMODELING,
    title = {{SIMPLE MULTI-AGENT COOPERATION: AN APPROACH BASED ON PREDATOR-PREY MODELING}},
    year = {2003},
    author = {Richard Bartleson Jr, By J}
}

@inproceedings{Sytnyk2017SimulationExploration,
    title = {{Simulation environment for underground flooded mines robotic exploration}},
    year = {2017},
    booktitle = {OCEANS 2017 - Aberdeen},
    author = {Sytnyk, D. and Pereira, R. and Pedrosa, D. and Rodrigues, J. and Martins, A. and Dias, A. and Almeida, J. and Silva, E.},
    month = {10},
    pages = {1--6},
    volume = {2017-October},
    publisher = {Institute of Electrical and Electronics Engineers Inc.},
    isbn = {9781509052783},
    doi = {10.1109/OCEANSE.2017.8084907}
}

@article{Zlajpah2008SimulationRobotics,
    title = {{Simulation in robotics}},
    year = {2008},
    journal = {Mathematics and Computers in Simulation},
    author = {{\v{Z}}lajpah, Leon},
    doi = {10.1016/j.matcom.2008.02.017},
    issn = {03784754},
    keywords = {Modelling, Multi-body dynamics, Robot systems, Simulation, Visualization}
}

@article{ZhangSingle-ImageNetwork,
    title = {{Single-Image Crowd Counting via Multi-Column Convolutional Neural Network}},
    author = {Zhang, Yingying and Zhou, Desen and Chen, Siqin and Gao, Shenghua and Ma, Yi},
    url = {http://sist.shanghaitech.edu.cn/office/research/news/CVPR2016/paper/Single-Image%20Crowd%20Counting%20via%20Multi-Column%20Convolutional%20Neural%20Network.pdf}
}

@techreport{Huizing2015SolvingDelivery,
    title = {{Solving the mTSP for fresh food delivery}},
    year = {2015},
    author = {Huizing, Dylan}
}

@article{LarkiSolvingAlgorithm,
    title = {{Solving the Multiple Traveling Salesman Problem by a Novel Meta- heuristic Algorithm}},
    author = {Larki, Hossein and Yousefikhoshbakht, Majid},
    url = {http://www.qjie.ir/article_163_b0a3aa66b60775fb874347336c5ae40f.pdf},
    keywords = {Imperialist Competitive Algorithm, Lin-Kernigan Algorithm, Multiple Traveling Salesman Problem, NP-hard Problems}
}

@article{TschokeSolvingNetwork,
    title = {{Solving the Traveling Salesman Problem with a Distributed Branch-and-Bound Algorithm on a 1024 Processor Network}},
    author = {Tschoke, S and Liiling, R and Monien, B},
    url = {http:// www.uni-padertaorn.de/fachbereich/AG/monien/index.html}
}

@article{SchlegelStableLearning,
    title = {{Stable predictive representations with general value functions for continual learning}},
    author = {Schlegel, Matthew and White, Adam and White, Martha},
    url = {https://sites.ualberta.ca/~amw8/cldl.pdf}
}

@inproceedings{Chiu2018STATE-OF-THE-ARTMODELS,
    title = {{STATE-OF-THE-ART SPEECH RECOGNITION WITH SEQUENCE-TO-SEQUENCE MODELS}},
    year = {2018},
    booktitle = {2018 IEEE International Conference on Acoustics, Speech and Signal Processing (ICASSP)},
    author = {Chiu, Chung-Cheng and Sainath, Tara N and Wu, Yonghui and Prabhavalkar, Rohit and Nguyen, Patrick and Chen, Zhifeng and Kannan, Anjuli and Weiss, Ron J and Rao, Kanishka and Gonina, Ekaterina and Jaitly, Navdeep and Li, Bo and Chorowski, Jan and Google, Michiel Bacchiani},
    publisher = {IEEE},
    url = {https://storage.googleapis.com/pub-tools-public-publication-data/pdf/74a8df45b9583e193e6cf8e156dfba9b73c33a0c.pdf},
    address = {Calgary, AB, Canada}
}

@techreport{Baum1966StatisticalChains,
    title = {{Statistical Inference for Probabilistic Functions of Finite State Markov Chains}},
    year = {1966},
    booktitle = {Source: The Annals of Mathematical Statistics},
    author = {Baum, Leonard E and Petrie, Ted},
    number = {6},
    pages = {1554--1563},
    volume = {37},
    url = {https://www.jstor.org/stable/pdf/2238772.pdf?refreqid=excelsior%3Ae318e7b09bb2966cbc0af19d55b84ce9}
}

@article{SrivastavaStochasticDetection,
    title = {{Stochastic surveillance strategies for spatial quickest detection}},
    journal = {The International Journal of Robotics Research},
    author = {Srivastava, Vaibhav and Pasqualetti, Fabio and Bullo, Francesco},
    number = {12},
    pages = {1438--1458},
    volume = {32},
    url = {https://journals.sagepub.com/doi/pdf/10.1177/0278364913490322},
    doi = {10.1177/0278364913490322},
    keywords = {motion planning, patrolling, persistent surveillance, quickest detection, security, statistical decision making, vehicle routing}
}

@techreport{Cameron2010SUAAVE:Details,
    title = {{SUAAVE: Combining Aerial Robots and Wireless Networking Contact Details}},
    year = {2010},
    author = {Cameron, Stephen and Hailes, Stephen and Julier, Simon and Mcclean, Sally and Parr, Gerry and Trigoni, Niki and Ahmed, Mohamed and Mcphillips, Graeme and De Nardi, Renzo and Nie, Julia and Symington, Andrew and Teacy, Luke and Waharte, Sonia},
    url = {www.asctec.de}
}

@inproceedings{Waharte2010SupportingUAVs,
    title = {{Supporting search and rescue operations with UAVs}},
    year = {2010},
    booktitle = {Proceedings - EST 2010 - 2010 International Conference on Emerging Security Technologies, ROBOSEC 2010 - Robots and Security, LAB-RS 2010 - Learning and Adaptive Behavior in Robotic Systems},
    author = {Waharte, Sonia and Trigoni, Niki},
    isbn = {9780769541754},
    doi = {10.1109/EST.2010.31}
}

@inproceedings{Waharte2010SupportingUAVsb,
    title = {{Supporting search and rescue operations with UAVs}},
    year = {2010},
    booktitle = {Proceedings - EST 2010 - 2010 International Conference on Emerging Security Technologies, ROBOSEC 2010 - Robots and Security, LAB-RS 2010 - Learning and Adaptive Behavior in Robotic Systems},
    author = {Waharte, Sonia and Trigoni, Niki},
    isbn = {9780769541754},
    doi = {10.1109/EST.2010.31}
}

@article{Bay2006SURF:Features,
    title = {{SURF: Speeded Up Robust Features}},
    year = {2006},
    journal = {ECCV},
    author = {Bay, Herbert and Tuytelaars, Tinne and Gool, Luc Van},
    url = {https://www.vision.ee.ethz.ch/~surf/eccv06.pdf}
}

@inproceedings{Harris2011SurveyToolkits,
    title = {{Survey of popular robotics simulators, frameworks, and toolkits}},
    year = {2011},
    booktitle = {Conference Proceedings - IEEE SOUTHEASTCON},
    author = {Harris, Adam and Conrad, James M.},
    pages = {243--249},
    isbn = {9781612847399},
    doi = {10.1109/SECON.2011.5752942},
    issn = {07347502}
}

@techreport{Fernhdez-Gaucherand2002TPolycarpou,
    title = {{T h M02-2 Cooperative Control for Multiple Autonomous UAV's Searching for Targets' hiatthew Flint Marios Polycarpou}},
    year = {2002},
    author = {Fernhdez-Gaucherand, Emmanuel}
}

@inproceedings{Jacoff2003TestRobots,
    title = {{Test Arenas and Performance Metrics for Urban Search and Rescue Robots}},
    year = {2003},
    booktitle = {IEEE International Conference on Intelligent Robots and Systems},
    author = {Jacoff, Adam and Messina, Elena and Weiss, Brian A. and Tadokoro, Satoshi and Nakagawa, Yuki},
    pages = {3396--3403},
    volume = {4},
    keywords = {Autonomous mobile robots, Collaboration, Knowledge representation, Mapping, Performance metrics, Planning, Sensory perception, Urban search and rescue}
}

@techreport{MurphyTheDBNs,
    title = {{The Factored Frontier Algorithm for Approximate Inference in DBNs}},
    author = {Murphy, Kevin and Weiss, Yair},
    url = {https://arxiv.org/ftp/arxiv/papers/1301/1301.2296.pdf}
}

@techreport{MurphyTheDBNsb,
    title = {{The Factored Frontier Algorithm for Approximate Inference in DBNs}},
    author = {Murphy, Kevin and Weiss, Yair},
    url = {https://arxiv.org/ftp/arxiv/papers/1301/1301.2296.pdf}
}

@article{Michael2010TheTestbed,
    title = {{The GRASP multiple micro-UAV testbed}},
    year = {2010},
    journal = {IEEE Robotics and Automation Magazine},
    author = {Michael, Nathan and Mellinger, Daniel and Lindsey, Quentin and Kumar, Vijay},
    number = {3},
    month = {9},
    pages = {56--65},
    volume = {17},
    doi = {10.1109/MRA.2010.937855},
    issn = {10709932}
}

@article{Kalmar-NagyTheProblem,
    title = {{The Multiagent Planning Problem}},
    author = {Kalm{\'{a}}r-Nagy, Tamás and Giardini, Giovanni and Dezsy Bak, Bendegúz},
    doi = {10.1155/2017/3813912}
}

@article{Bektas2006TheProcedures,
    title = {{The multiple traveling salesman problem: an overview of formulations and solution procedures}},
    year = {2006},
    journal = {Omega},
    author = {Bektas, Tolga},
    pages = {209--219},
    volume = {34},
    url = {www.elsevier.com/locate/omega},
    doi = {10.1016/j.omega.2004.10.004},
    keywords = {Multiple traveling salesman, Survey}
}

@techreport{Hungerlander2018TheGrids,
    title = {{The Multiple Traveling Salesperson Problem on Regular Grids}},
    year = {2018},
    author = {Hungerl{\"{a}}nder, Philipp and Jellen, Anna and Jessenitschnig, Stefan and Knoblinger, Lisa and Lackenbucher, Manuel and Maier, Kerstin},
    url = {https://pdfs.semanticscholar.org/6695/cf49da0b2153d52464cb3be6288bea4b13cd.pdf},
    keywords = {Grid, Mixed-Integer Linear Programming, Multiple Traveling Salesperson Problem}
}

@inproceedings{Hungerlander2018TheGridsb,
    title = {{The Multiple Traveling Salesperson Problem on Regular Grids}},
    year = {2018},
    booktitle = {Operations Research},
    author = {Hungerl{\"{a}}nder, Philipp and Jellen, Anna and Jessenitschnig, Stefan and Knoblinger, Lisa and Lackenbucher, Manuel and Maier, Kerstin},
    publisher = {Springer},
    url = {http://www.optimization-online.org/DB_FILE/2018/08/6775.pdf},
    address = {Brussels}
}

@techreport{Smallwood1973TheHorizon,
    title = {{The Optimal Control of Partially Observable Markov Processes Over a Finite Horizon}},
    year = {1973},
    booktitle = {Operations Research},
    author = {Smallwood, Richard D and Sondik, Edward J},
    number = {5},
    pages = {1071--1088},
    volume = {21},
    url = {https://www.jstor.org/stable/pdf/168926.pdf?refreqid=excelsior%3A0793d4694159b2556aa09d59a95d5122}
}

@article{Koopman1956THEDETECTION,
    title = {{THE THEORY OF SEARCH  II. TARGET DETECTION}},
    year = {1956},
    journal = {Journal of the Operations Research Society of America},
    author = {Koopman, B 0},
    pages = {23},
    volume = {4},
    url = {https://about.jstor.org/terms}
}

@article{Koopman1956THEBASES,
    title = {{THE THEORY OF SEARCH I. KINEMATIC BASES}},
    year = {1956},
    journal = {The Journal of the Operations Research Society of America},
    author = {Koopman, B O},
    number = {3},
    volume = {4},
    url = {https://about.jstor.org/terms},
    isbn = {201915:07:27}
}

@article{Koopman1957TheEffort,
    title = {{The Theory of Search. III. The Optimum Distribution of Searching Effort}},
    year = {1957},
    journal = {The Journal of the Operations Research Society of America},
    author = {Koopman, Bernard O},
    number = {5},
    pages = {613--626},
    volume = {5},
    url = {https://www-jstor-org.libgate.library.nuigalway.ie/stable/pdf/167462.pdf?ab_segments=0%252Fl2b_100k_with_tbsub%252Ftest&refreqid=excelsior%3A6963f1006830af2fdd9a5ff76ae56a38}
}

@misc{TheBaeldung,
    title = {{The Traveling Salesman Problem in Java | Baeldung}},
    url = {http://www.baeldung.com/java-simulated-annealing-for-traveling-salesman}
}

@incollection{Johnson1995TheOptimization,
    title = {{The Traveling Salesman Problem: A Case Study in Local Optimization}},
    year = {1995},
    booktitle = {Local Search in Combinatorial Optimization},
    author = {Johnson, David S and Mcgeoch, Lyle A},
    pages = {215--310},
    url = {http://citeseerx.ist.psu.edu/viewdoc/download?doi=10.1.1.70.7639&rep=rep1&type=pdf}
}

@incollection{Johnson1997TheOptimization,
    title = {{The Traveling Salesman Problem: A Case Study in Local Optimization}},
    year = {1997},
    booktitle = {Local Seach in Combinatorial Optimization},
    author = {Johnson, David S and Mcgeoch, Lyle A},
    editor = {{Jan Lenstra} and {Emile Aarts}},
    chapter = {8},
    pages = {215--310},
    publisher = {Wiley},
    url = {http://www.uniriotec.br/~adriana/files/TSPchapter.pdf},
    address = {New York}
}

@article{Dantzig1959TheProblem,
    title = {{The Truck Dispatching Problem}},
    year = {1959},
    journal = {Management Science},
    author = {Dantzig, G B and Ramser, J H},
    number = {1},
    pages = {80--91},
    volume = {6},
    url = {https://andresjaquep.files.wordpress.com/2008/10/2627477-clasico-dantzig.pdf}
}

@book{Toth2002TheProblem,
    title = {{The vehicle routing problem}},
    year = {2002},
    author = {Toth, Paolo. and Vigo, Daniele.},
    edition = {2},
    pages = {367},
    publisher = {Society for Industrial and Applied Mathematics},
    address = {Philadelphia},
    isbn = {0898714982}
}

@techreport{Goel2019TitleExperimentation,
    title = {{Title Fast Exploration Using Multirotors: Analysis, Planning, and Experimentation}},
    year = {2019},
    author = {Goel, Kshitij and Corah, Micah and Michael, Nathan},
    url = {https://www.ri.cmu.edu/wp-content/uploads/2019/02/main.pdf}
}

@techreport{Mannion2017TitleLearning,
    title = {{Title Knowledge-based multi-objective multi-agent reinforcement learning}},
    year = {2017},
    author = {Mannion, Patrick},
    url = {http://hdl.handle.net/10379/7142}
}

@unpublished{Wymann2015TORCS:Simulator,
    title = {{TORCS: The open racing car simulator}},
    year = {2015},
    author = {Wymann, Bernhard and Dimitrakakis, Christos and Sumner, Andrew and Espi{\'{e}}, Eric and Guionneau, Christophe},
    url = {http://www.berniw.org/aboutme/}
}

@inproceedings{Lo2012TowardPlanning,
    title = {{Toward optimizing static target search path planning}},
    year = {2012},
    booktitle = {2012 IEEE Symposium on Computational Intelligence for Security and Defence Applications, CISDA 2012},
    author = {Lo, Nassirou and Berger, Jean and Noel, Martin},
    doi = {10.1109/CISDA.2012.6291538},
    keywords = {linear programming, open-loop, search and rescue, search path planning, static}
}

@inproceedings{Lo2012TowardPlanningb,
    title = {{Toward optimizing static target search path planning}},
    year = {2012},
    booktitle = {2012 IEEE Symposium on Computational Intelligence for Security and Defence Applications, CISDA 2012},
    author = {Lo, Nassirou and Berger, Jean and Noel, Martin},
    doi = {10.1109/CISDA.2012.6291538},
    keywords = {linear programming, open-loop, search and rescue, search path planning, static}
}

@article{SchianoTowardsUAV,
    title = {{Towards Estimation and Correction of Wind Effects on a Quadrotor UAV}},
    author = {Schiano, Fabrizio and Alonso-Mora, Javier and Rudin, Konrad and Beardsley, Paul and Siegwart, Roland and Siciliano, Bruno},
    url = {https://repository.tudelft.nl/islandora/object/uuid:2e865132-8a33-4115-84df-a02407d02d27/datastream/OBJ}
}

@article{HelgesenTrackingFlow,
    title = {{Tracking of Marine Surface Objects from Unmanned Aerial Vehicles with a Pan/Tilt Unit using a Thermal Camera and Optical Flow}},
    author = {Helgesen, Håkon Hagen and Leira, Frederik Stendahl and Johansen, Tor Arne and Fossen, Thor I},
    url = {http://folk.ntnu.no/torarnj/0091.pdf}
}

@article{HelgesenTrackingFlowb,
    title = {{Tracking of Marine Surface Objects from Unmanned Aerial Vehicles with a Pan/Tilt Unit using a Thermal Camera and Optical Flow}},
    author = {Helgesen, Håkon Hagen and Leira, Frederik Stendahl and Johansen, Tor Arne and Fossen, Thor I},
    url = {http://folk.ntnu.no/torarnj/0091.pdf}
}

@techreport{BoyenTractableProcesses,
    title = {{Tractable Inference for Complex Stochastic Processes}},
    author = {Boyen, Xavier},
    url = {https://arxiv.org/ftp/arxiv/papers/1301/1301.7362.pdf}
}

@techreport{BoyenTractableProcessesb,
    title = {{Tractable Inference for Complex Stochastic Processes}},
    author = {Boyen, Xavier},
    url = {https://arxiv.org/ftp/arxiv/papers/1301/1301.7362.pdf}
}

@article{Gutin2002TravelingTSP,
    title = {{Traveling salesman should not be greedy: Domination analysis of greedy-type heuristics for the TSP}},
    year = {2002},
    journal = {Discrete Applied Mathematics},
    author = {Gutin, Gregory and Yeo, Anders and Zverovich, Alexey},
    doi = {10.1016/S0166-218X(01)00195-0},
    issn = {0166218X},
    keywords = {Domination analysis, Greedy algorithm, Nearest neighbor algorithm, TSP}
}

@inproceedings{Pell2017TrendsSimulation,
    title = {{Trends in Real-time Traffic Simulation}},
    year = {2017},
    booktitle = {Transportation Research Procedia},
    author = {Pell, Andreas and Meingast, Andreas and Schauer, Oliver},
    doi = {10.1016/j.trpro.2017.05.175},
    issn = {23521465},
    keywords = {Adaptability, Advanced Traffic Management Systems, Heterogeneous Road Networks, Real-time Capability, Traffic Simulation Software, Trends}
}

@inproceedings{MorseUAVRescue,
    title = {{UAV Video Coverage Quality Maps and Prioritized Indexing for Wilderness Search and Rescue}},
    author = {Morse, Bryan S. and Engh, Cameron H. and Goodrich, Michael A.},
    publisher = {IEEE},
    url = {https://ieeexplore.ieee.org/stamp/stamp.jsp?tp=&arnumber=5453190},
    doi = {978-1-4244-4893-7/10/}
}

@article{Juliani2018Unity:Agents,
    title = {{Unity: A General Platform for Intelligent Agents}},
    year = {2018},
    journal = {Arxiv},
    author = {Juliani, Arthur and Berges, Vincent-Pierre and Vckay, Esh and Gao, Yuan and Henry, Hunter and Mattar, Marwan and Lange, Danny},
    url = {https://github.com/Unity-Technologies/ml-agents/tree/master/docs},
    arxivId = {1809.02627v1}
}

@article{QiuUnrealCV:Engine,
    title = {{UnrealCV: Connecting Computer Vision to Unreal Engine}},
    author = {Qiu, Weichao and Yuille, Alan},
    url = {https://arxiv.org/pdf/1609.01326.pdf}
}

@article{QiuUnrealCV:Vision,
    title = {{UnrealCV: Virtual Worlds for Computer Vision}},
    author = {Qiu, Weichao and Zhong, Fangwei and Zhang, Yi and Qiao, Siyuan and Xiao, Zihao and Kim, Tae Soo and Wang, Yizhou and Yuille, Alan},
    url = {http://delivery.acm.org/10.1145/3130000/3129396/p1221-qiu.pdf?ip=140.203.12.3&id=3129396&acc=ACTIVE%20SERVICE&key=846C3111CE4A4710%2E5E11B48930E8A046%2E4D4702B0C3E38B35%2E4D4702B0C3E38B35&__acm__=1527242802_9ce9b63cdae24bbcfa5802d700d05e38},
    doi = {10.1145/3123266.3129396},
    keywords = {-  Computing methodologies  ->  Computer vision, -  Software and its engineering  ->  Software libraries and repositories, Reinforcement learning}
}

@article{ZhangUnrealStereo:Vision,
    title = {{UnrealStereo: A Synthetic Dataset for Analyzing Stereo Vision}},
    author = {Zhang, Yi and Qiu, Weichao and Chen, Qi and Hu, Xiaolin and Yuille, Alan},
    url = {https://arxiv.org/pdf/1612.04647.pdf}
}

@article{BousmalisUnsupervisedNetworks,
    title = {{Unsupervised Pixel–Level Domain Adaptation with Generative Adversarial Networks}},
    author = {Bousmalis, Konstantinos and Silberman, Nathan and Dohan, David and Erhan, Dumitru and Krishnan, Dilip},
    url = {http://openaccess.thecvf.com/content_cvpr_2017/papers/Bousmalis_Unsupervised_Pixel-Level_Domain_CVPR_2017_paper.pdf}
}

@inproceedings{Carpin2007USARSim:Education,
    title = {{USARSim: A robot simulator for research and education}},
    year = {2007},
    booktitle = {Proceedings - IEEE International Conference on Robotics and Automation},
    author = {Carpin, Stefano and Lewis, Mike and Wang, Jijun and Balakirsky, Stephen and Scrapper, Chris},
    pages = {1400--1405},
    publisher = {IEEE},
    address = {Roma},
    isbn = {1424406021},
    doi = {10.1109/ROBOT.2007.363180}
}

@inproceedings{Smyth2018UsingDrones,
    title = {{Using a Game Engine to Simulate Critical Incidents and Data Collection by Autonomous Drones}},
    year = {2018},
    booktitle = {2018 IEEE Games, Entertainment, Media Conference, GEM 2018},
    author = {Smyth, David L. and Glavin, Frank G. and Madden, Michael G.},
    month = {10},
    pages = {436--440},
    publisher = {Institute of Electrical and Electronics Engineers Inc.},
    isbn = {9781538663042},
    doi = {10.1109/GEM.2018.8516527},
    keywords = {Autonomous, Unreal Engine, Virtual World}
}

@inproceedings{CoueUsingApplications,
    title = {{Using Bayesian Programming for Multi-Sensor Muti - Target Tracking in Automotive Applications}},
    author = {Cou{\'{e}}, C. and Fraichard, Th. and Bessikre, P and Mazer, E.},
    url = {https://ieeexplore.ieee.org/stamp/stamp.jsp?tp=&arnumber=1241904}
}

@article{Elfes1989UsingNavigation,
    title = {{Using Occupancy Grids for Mobile Robot Perception and Navigation}},
    year = {1989},
    journal = {Computer},
    author = {Elfes, ALberto},
    number = {6},
    pages = {46--57},
    volume = {22},
    url = {https://www.cs.cmu.edu/~motionplanning/papers/sbp_papers/integrated4/elfes_occup_grids.pdf}
}

@book{Caric2008VehicleProblem,
    title = {{Vehicle Routing Problem}},
    year = {2008},
    author = {Caric, Tonci and Gold, Hrvoje},
    url = {www.in-teh.org},
    isbn = {9789537619091}
}

@techreport{GaidonVirtualAnalysis,
    title = {{Virtual Worlds as Proxy for Multi-Object Tracking Analysis}},
    author = {Gaidon, Adrien and Wang, Qiao and Cabon, Yohann and Vig, Eleonora},
    url = {http://www.xrce.xerox.com/},
    arxivId = {1605.06457v1}
}

@article{NamhoonLee1VisualEstimator,
    title = {{Visual Compiler: Synthesizing a Scene-Specific Pedestrian Detector and Pose Estimator}},
    author = {{Namhoon Lee1} and {Xinshuo Weng2} and {Vishnu Naresh Boddeti3} and {Yu Zhang2} and {Fares Beainy4} and {Kris Kitani2} and {Takeo Kanade2}},
    url = {https://arxiv.org/pdf/1612.05234.pdf}
}

@inproceedings{Mondragon2007VisualControl,
    title = {{Visual model feature tracking for UAV control}},
    year = {2007},
    booktitle = {2007 IEEE International Symposium on Intelligent Signal Processing, WISP},
    author = {Mondrag{\'{o}}n, Iván Fernando and Campoy, Pascual and Correa, Juan Fernando and Mejias, Luis},
    isbn = {142440830X},
    doi = {10.1109/WISP.2007.4447629},
    keywords = {Autonomous helicopter, Feature tracking, RANSAC, SIFT, Unmanned Aerial Vehicle}
}

@inproceedings{Lai2018ViviD:Learning,
    title = {{ViviD: Virtual environment for visual deep learning}},
    year = {2018},
    booktitle = {MM 2018 - Proceedings of the 2018 ACM Multimedia Conference},
    author = {Lai, Kuan Ting and Lin, Chia Chih and Kang, Chun Yao and Liao, Mei Enn and Chen, Ming Syan},
    month = {10},
    pages = {1356--1359},
    publisher = {Association for Computing Machinery, Inc},
    isbn = {9781450356657},
    doi = {10.1145/3240508.3243653},
    keywords = {Autonomous navigation, Deep learning, Event detection, Virtual reality, Visual recognition}
}

@article{Alibhai2003WhatProtocol,
    title = {{What is Contract Net Interaction Protocol?}},
    year = {2003},
    author = {Alibhai, Zafeer},
    url = {http://www2.ensc.sfu.ca/research/iDEA/courses/files/Contract%20Net%20Protocol1.pdf}
}

@techreport{Christofides1976WORST-CASEPROBLEM,
    title = {{WORST-CASE ANALYSIS OF A NEW HEURISTIC FOR THE TRAVELLING SALESMAN PROBLEM}},
    year = {1976},
    author = {Christofides, Nicos},
    url = {https://apps.dtic.mil/dtic/tr/fulltext/u2/a025602.pdf},
    institution = {Carnegie-Mellon },
    address = {Pittsburgh}
}